4350 6709
273 525 274 528 ‘
361 553 415 613 aas
890 555 1025 613 armant
1043 555 1289 616 cneuounusrs
1306 558 1460 618 nurscour
1928 550 1983 609 επ

359 682 388 731 ct
399 671 533 744 peregrini
544 671 682 728 ciuitatem
697 668 863 726 unanimiter
871 669 1076 742 aggrediuntur,
1084 672 1145 729 uni,
1158 683 1181 743 q
1194 675 1312 745 perium,
1328 675 1432 732 scillcet
1453 664 1555 743 bsta'rl,
1572 689 1587 731 a
1606 671 1712 732 cluibus
1734 669 1843 729 laetius
1859 668 1981 744 eligitur.

358 781 470 821 uersam·
480 752 620 835 regionem
634 763 662 819 in
675 763 791 819 circuitu
802 761 1012 834 depopulantur,
1027 773 1055 821 et
1068 763 1144 822 ltur-
1196 763 1250 822 Sed
1264 768 1390 823 ueniente
1400 769 1471 835 luce,
1484 783 1501 825 a
1515 767 1620 824 Latinis
1629 767 1779 823 blacherna
1789 774 1817 820 et
1830 761 1983 820 buccaleo-

357 857 467 914 subiuna
481 855 600 927 quadam
610 855 665 923 die,
679 854 745 912 dum
757 853 786 913 in
796 855 951 912 nemorosis
964 855 1062 913 lateret
1076 854 1145 913 insi·
1194 864 1259 914 uum
1273 858 1373 930 palatia
1386 869 1565 931 occupantur.
1581 859 1672 927 Quare
1690 857 1808 929 plurima
1822 854 1982 912 Graecorum

356 948 420 1011 mis.
435 944 690 1019 eduqantdratrem
712 946 824 1019 quaet
838 947 1019 1014 uexillum,ct
1033 948 1143 1006 iconam
1193 952 1285 1025 itraqe
1312 953 1375 1008 data
1403 953 1573 1020 multomm,
1604 969 1672 1026 pens
1696 949 1857 1006 Latinorum
1881 946 1982 1002 urbem

355 1039 458 1117 regiam
473 1040 622 1110 capientes.
1192 1042 1448 1103 Constantinianum
1470 1044 1498 1100 in
1519 1057 1613 1100 mense
1634 1043 1720 1114 Aprili
1742 1040 1889 1097 victoriose
1908 1037 1982 1096 obti-

466 1130 609 1200 Addputur
619 1141 644 1188 ct
658 1133 713 1190 hec
731 1133 787 1189 ntia
800 1135 828 1189 ia
847 1134 906 1190 cod.
920 1131 1036 1191 litterati.
1193 1135 1263 1191 nuit.
1272 1135 1502 1193 lidbaecbarones
1512 1131 1829 1202 Balduiuumlilandriae
1838 1129 1983 1197 comitem,

389 1222 552 1279 Econtrade
568 1221 724 1280 suisGraeci
740 1224 846 1281 uiribus
865 1233 1075 1296 presumentes,
1090 1225 1143 1282 iin-
1193 1229 1384 1300 imperatorem
1406 1227 1559 1286 diademate
1580 1208 1757 1292 emanarunt,
1780 1225 1854 1282 rotis
1877 1234 1984 1281 conr&

355 1329 415 1385 guae
432 1313 708 1384 potiuscontnmeliis
732 1315 831 1371 armati
841 1331 924 1388 quarn
935 1315 1050 1377 audacia
1065 1318 1141 1375 cordi
1192 1321 1331 1380 trientibus
1353 1323 1495 1393 imperium
1520 1322 1674 1377 sortientes.
1695 1317 1762 1373 Nam
1778 1325 1875 1388 quarta
1896 1314 1983 1374 cessit

354 1403 1141 1487 [cordisi],rebellant.Eodemannorexhrmeuiaehntio·
1192 1414 1375 1485 imperatoriae
1398 1414 1545 1483 maiestati,
1563 1415 1645 1468 trium
1664 1421 1824 1482 quartarum
1845 1410 1980 1468 medietas

354 1497 445 1554 chiam
458 1498 574 1567 obsedit,
587 1510 612 1556 et
622 1499 686 1555 licet
696 1514 758 1556 eam
773 1515 836 1556 cum
849 1500 972 1557 exercitu
984 1501 1139 1570 introierit,
1192 1508 1275 1565 cessit
1292 1506 1409 1574 Venetis,
1425 1516 1452 1562 et
1469 1517 1566 1562 caetera
1586 1504 1748 1576 peregrinis.
1769 1500 1892 1557 diarchia
1912 1516 1980 1556 tero

353 1600 409 1643 ¹¹0ss
424 1595 515 1643 [tmen
536 1587 664 1644 ⁰bli⁰¹¹il·
680 1587 784 1647 Eodem
802 1591 1018 1663 submagister
1043 1591 1141 1649 Petrus
1192 1599 1349 1656 bouiiacius
1366 1599 1486 1655 obtinuit
1503 1596 1737 1658 Thessalonicam.
1753 1594 1914 1650 Mursallins
1927 1609 1980 1648 au·

352 1681 501 1736 caruimus
515 1682 672 1752 apouohca
683 1683 757 1740 sedis
773 1684 879 1756 letatus
895 1684 967 1756 apua
1039 1684 1142 1742 cilicia
1192 1702 1246 1749 tem
1271 1693 1397 1749 hierium
1416 1701 1560 1764 tyrannum
1583 1689 1688 1757 adiens,
1712 1698 1738 1744 et
1763 1685 1909 1743 incudem
1927 1686 1980 1741 att-

353 1773 531 1844 municipium
557 1773 677 1833 Armeno
700 1776 852 1846 catholico,
872 1787 899 1834 et
929 1795 976 1833 ιιι
1004 1779 1142 1849 episcopis
1191 1799 1262 1855 quas
1278 1781 1422 1849 seducere,
1442 1782 1545 1836 lunrinc
1562 1779 1698 1851 priuatus,
1715 1776 1877 1848 rediensque
1891 1777 1919 1831 in
1932 1790 1982 1831 ur·.

352 1865 449 1923 mitras
467 1876 494 1923 et
507 1866 646 1949 baculum,
663 1885 707 1927 me
728 1880 874 1943 praesente,
896 1871 923 1925 in
937 1870 1082 1941 praeseutia
1096 1887 1141 1926 re«
1191 1877 1251 1940 bem
1265 1891 1279 1930 a
1293 1875 1399 1935 batiuis
1419 1874 1527 1932 reubm
1546 1872 1709 1944 impetrauit.
1731 1869 1784 1927 Sed
1801 1884 1902 1931 rursus
1913 1883 1979 1924 cum

351 1957 393 2038 qis
404 1956 517 2015 Armeni
530 1960 627 2016 tribuit
644 1963 819 2032 pastoralem,
836 1962 973 2034 recipiens
988 1962 1023 2018 ab
1040 1977 1074 2017 eo
1089 1963 1139 2019 de·
1191 1968 1357 2039 proditionis
1372 1968 1514 2023 nroliretur
1535 1966 1659 2032 insidias,
1680 1965 1713 2019 du
1733 1964 1869 2019 Columna
1893 1961 1979 2016 Tauri

350 2048 434 2108 bitam
448 2049 555 2108 Sanctae
568 2052 699 2110 Romanae
711 2053 838 2114 Ecclesiae
848 2054 1016 2114 tidelitatem·
1157 2060 1373 2136 sspraecipltatus
1385 2069 1436 2116 est.
1452 2060 1543 2122 bstari
1557 2067 1757 2142 quoquontrans
1771 2054 1980 2126 Hellespontum

385 2144 466 2202 huno
483 2145 591 2202 Domini
606 2146 686 2215 leot,
703 2146 861 2205 Graeorum
883 2149 975 2205 uerbis
996 2156 1139 2205 contume-
1190 2153 1293 2222 iugata,
1309 2151 1399 2206 Latini
1419 2152 1535 2206 uictores
1555 2148 1612 2204 iere
1630 2156 1713 2203 totam
1734 2146 1894 2201 Graecorum
1917 2158 1979 2199 mo-

349 2235 437 2304 lictis,
449 2244 478 2294 et
490 2238 618 2308 superbia
630 2239 861 2308 increbrescente,
880 2238 973 2296 iletreti
988 2240 1022 2297 ad
1036 2240 1137 2297 bellant
1188 2242 1330 2300 narcbiam
1351 2243 1519 2298 obtinebant.
1538 2240 1639 2300 Eodem
1662 2256 1735 2295 annu
1756 2237 1842 2296 Graeci
1864 2251 1983 2306 quoquc

349 2341 412 2386 turn
427 2330 577 2386 baronibus
592 2331 782 2404 accinguntur,
796 2341 825 2389 et
836 2333 929 2388 orbum
944 2333 1066 2404 aggressi
1078 2333 1139 2387 salo
1187 2337 1308 2404 excitati,
1322 2335 1427 2394 Latinis
1443 2335 1579 2407 expulsis,
1593 2350 1623 2392 se
1635 2335 1662 2389 iu
1677 2331 1886 2403 hudriuopotim
1900 2342 1979 2395 noeo-

348 2422 464 2493 soloque
480 2423 582 2478 uiritim
606 2434 772 2494 excertant;
789 2425 935 2491 machinis,
951 2424 1013 2480 telis
1033 2433 1060 2480 et
1081 2425 1138 2496 spi·
1188 2436 1296 2501 perant.

347 2513 419 2571 culis
435 2529 450 2569 a
465 2514 568 2573 Graecis
593 2517 731 2574 resistitur
746 2535 754 2586 ;
778 2517 824 2573 sed
841 2516 1033 2573 fatiscentibus
1054 2517 1136 2584 eis,a

348 2608 484 2665 militibus
509 2610 665 2681 impetuose
690 2611 789 2673 iturin
818 2611 924 2668 urbem.
940 2609 1137 2666 llurznbiusin

347 2699 440 2773 tagam
460 2702 587 2757 vertitur.
605 2701 683 2757 Alius
707 2702 741 2758 ad
758 2701 915 2778 imperium,
936 2699 1138 2758 scilicethsca·

347 2795 382 2863 ri,
393 2810 409 2851 a
421 2795 527 2852 ciuibus
543 2796 685 2851 infatuatis
696 2795 816 2869 eiigitur.
832 2796 884 2852 Sed

346 2885 479 2948 aLatinis
492 2887 644 2944 Blacbema
658 2898 685 2944 ct
695 2888 922 2951 Bacca-Leonum
941 2889 1042 2958 palatia
1053 2903 1137 2945 occu-

345 2988 457 3051 pantur.
472 2977 543 3048 Quid
558 2979 661 3051 plural
678 2979 836 3035 Graecorum
862 2988 954 3050 strage
978 2980 1053 3045 data,
1068 2994 1136 3051 gens

347 3073 392 3129 illa
410 3072 508 3143 spiritu
524 3073 632 3132 consilii
655 3073 796 3138 destituta,
820 3073 959 3144 quondam
984 3072 1136 3146 prudentias

346 3164 413 3233 illia,
437 3180 511 3222 nune
530 3166 590 3223 sine
613 3165 770 3236 prudentia,
795 3165 867 3222 sicut
894 3165 983 3237 pulvis
1000 3165 1135 3235 disperiit,

346 3257 420 3318 sicut
430 3255 524 3313 tumus
549 3257 672 3325 euanuit,
692 3258 765 3313 sicut
779 3256 873 3313 lentum
885 3257 994 3312 exaruit
1009 3274 1017 3324 ;
1042 3265 1069 3313 et
1082 3255 1136 3313 La·

345 3349 467 3406 tinorum
477 3364 545 3421 gens
559 3349 654 3405 urbem
661 3347 990 3419 Constantinopolitanam
1006 3348 1032 3402 iu
1042 3362 1135 3404 meuse

344 3439 432 3513 Aprili
446 3440 593 3498 victoriose
607 3441 735 3497 obtinuit.
759 3440 800 3496 hd
813 3440 872 3496 haec
890 3441 1007 3501 barones
1021 3439 1134 3497 baldui-

530 3533 536 3546 .
645 3534 651 3547 .
734 3533 781 3548 ..
1000 3534 1005 3544 .
1185 3499 1269 3571 polim
1295 3498 1448 3565 adiverunt,
1475 3496 1522 3552 ubi
1551 3497 1585 3552 ab
1613 3496 1787 3565 imperatore,
1813 3495 1978 3567 civibusque

345 3549 412 3590 num
426 3532 562 3590 Flandnae
581 3543 708 3593 mmm
733 3550 761 3589 ’ῃ
774 3543 966 3604 'mmmm
980 3532 1134 3589 mmmm
1184 3588 1301 3653 Latinis.
1317 3598 1345 3645 et
1361 3587 1462 3645 Graccis
1479 3585 1551 3656 apud
1568 3584 1696 3641 Sanctam
1709 3585 1840 3656 Sopbiam
1859 3585 1976 3643 bonori-

1184 3681 1235 3739 lioe
1250 3679 1351 3752 recepti
1369 3679 1490 3735 luerunt.
1505 3677 1558 3746 Qui
1576 3675 1677 3734 ibidem
1696 3677 1848 3747 spiritualia
1864 3677 1974 3749 negotia

1183 3784 1240 3831 tam
1262 3773 1334 3836 inter
1358 3772 1468 3829 Graecos
1491 3785 1574 3842 quam
1597 3767 1976 3835 Latinos,dilliuierunt.l1t

1183 3867 1277 3928 diviua
1297 3865 1396 3935 amota,
1419 3880 1463 3922 me
1483 3864 1640 3929 assistente,
1657 3863 1815 3919 solemniter
1831 3864 1974 3919 celebrau-

1182 3969 1239 4021 tur.
1261 3956 1328 4017 Nam
1341 3966 1369 4013 et
1383 3974 1434 4030 equ
1450 3957 1484 4013 ad
1505 3957 1663 4012 mandatum
1683 3954 1803 4026 praedicti
1825 3954 1974 4012 cardinalia

1183 4049 1307 4122 magistri
1328 4048 1402 4106 Petri
1421 4050 1448 4104 iu
1469 4046 1589 4104 Sabbato
1609 4043 1727 4117 quatuor
1739 4053 1894 4115 temporum
1911 4053 1976 4101 anta

1182 4139 1358 4197 Nativitatem
1378 4139 1489 4204 bomini
1503 4136 1537 4193 in
1554 4136 1656 4208 templo
1677 4133 1784 4191 Sancta
1800 4133 1913 4207 Sophiae
1927 4151 1972 4191 so·

1182 4232 1309 4290 lemulter
1322 4230 1432 4295 ordines
1447 4230 1592 4286 celebrari.
1610 4225 1680 4296 Quia
1697 4238 1724 4283 et
1741 4228 1798 4297 ipse.
1812 4241 1862 4297 pro
1878 4241 1975 4283 amoro

1181 4325 1292 4384 Domini
1302 4323 1425 4381 crucillxi
1437 4321 1614 4400 peregrinans
1626 4307 1655 4375 in
1668 4317 1786 4391 Syriam,
1798 4319 1872 4374 sicut
1883 4320 1970 4390 prius,

1182 4427 1213 4473 ut
1225 4417 1249 4473 ei
1265 4417 1433 4479 assisterem,
1449 4415 1477 4469 in
1492 4412 1662 4478 Armeniam,
1678 4413 1718 4468 sic
1730 4420 1757 4466 ct
1771 4421 1834 4480 post
1854 4410 1884 4466 iu
1897 4408 1971 4467 Gra·

341 4549 711 4613 abaontsmiscucordiam
738 4549 903 4621 impetrauit.
917 4547 971 4604 Sed
994 4564 1130 4606 cuma-ur·
1181 4511 1254 4569 ‘³³⁰¹
1280 4507 1386 4565 summ
1413 4506 1559 4563 ⁰⁰¹¹¹i²²²¹¹⁸
1593 4503 1732 4560 eumdem·
1759 4501 1862 4605 ffl‘fm
1898 4517 1971 4604 ΨΟ

578 4597 583 4608 ’
1181 4601 1268 4662 Graecl
1282 4598 1393 4658 excitati
1409 4597 1490 4669 quasi
1504 4612 1543 4665 se,
1557 4594 1663 4661 Latiaris
1675 4594 1807 4666 expulsus,
1824 4609 1853 4648 m
1869 4590 1971 4649 hadri·

340 4661 390 4706 sus
412 4643 577 4717 proditionis
603 4643 747 4700 moliretur
772 4641 912 4707 iusidias,
934 4642 969 4697 de
994 4640 1130 4697 Columna
1266 4695 1272 4706 ,

340 4738 425 4797 Tauri
434 4754 484 4811 per
495 4737 659 4796 senteutiam
672 4736 858 4808 precipitatus
872 4742 925 4803 est,
939 4742 969 4790 ut
982 4736 1129 4807 sicutprae-
1144 4779 1167 4836 D
1180 4695 1303 4767 ”⁰⁹⁰¹'m
1318 4700 1490 4763 “mmuh
1547 4792 1583 4807 ,-

339 4842 497 4907 sumpserat
513 4831 663 4891 ascendere
679 4831 709 4887 in
724 4831 822 4899 altum,
834 4829 875 4885 sie
887 4828 921 4884 de
932 4827 988 4882 alto
1000 4826 1128 4882 rueretin
1413 4833 1505 4906 Perpau
1519 4844 1627 4906 „perque
1641 4831 1732 4888 cmx,

337 4926 531 5001 difficillum-
547 4925 642 4981 ”iifl
656 4939 766 4997 quoque
778 4933 852 4980 Μ
867 4908 1072 4992 H0¹¹i³⁸l¹0¹¹²¹¹¹¹¹
1085 4917 1130 4972 su·
1214 4929 1295 4986 Anno
1318 4925 1427 4984 Domitd
1448 4924 1530 4992 1205,
1549 4924 1700 4981 Balduinus
1723 4922 1875 4992 imperator
1897 4920 1969 4976 Con·

339 5027 415 5097 qato,
430 5015 523 5074 Latini
539 5017 682 5082 victoriosi
695 5015 754 5079 iere
766 5015 955 5073 monarchiam
968 5012 1127 5069 Graecorum
1179 5021 1439 5094 ,qmqmpoqpqnqs
1452 5018 1563 5076 cm),
1577 5019 1604 5073 in
1620 5015 1801 5088 andrinopoli
1818 5028 1969 5088 coum.

339 5111 507 5173 ⁸ll²5¹¹0b³¹¹b
1178 5125 1222 5174 tos
1234 5115 1351 5174 obsedit.
1369 5112 1422 5171 Sed
1444 5129 1460 5170 a
1480 5112 1566 5169 Blatis
1581 5110 1735 5169 lorinsecus
1752 5110 1925 5181 cougregatis
1941 5117 1968 5165 et

711 5234 746 5255 -·
1177 5208 1311 5273 Cumanis
1321 5210 1380 5280 ipse
1392 5209 1540 5279 imperator
1554 5220 1617 5262 cum
1637 5202 1801 5276 quibusdam
1816 5201 1969 5258 baronibus

373 5322 586 5381 flammise
597 5319 718 5379 Coesareo
742 5319 934 5376 Vindobpmgi
950 5317 1092 5379 codicem
1178 5302 1237 5362 §liis
1260 5311 1356 5373 captus
1375 5308 1418 5357 esi
1442 5309 1470 5356 ei
1491 5299 1599 5355 occisus
1620 5298 1688 5368 (51).
1711 5295 1856 5351 Exercitus
1876 5303 1967 5349 autem

633 5391 828 5448 deseribuntur.
1177 5394 1279 5452 illaesus
1300 5408 1427 5453 reuersus
1443 5401 1486 5449 est
1499 5388 1784 5461 Constantinopolim,
1797 5387 1843 5444 cui
1858 5386 1969 5460 praeiuit

372 5489 453 5546 drudo
466 5487 575 5548 bomini
590 5486 672 5554 tabl.
687 5483 782 5547 Veneti
799 5501 862 5544 cum
880 5486 1030 5544 baronibus
1044 5501 1125 5566 cepe·
1177 5485 1421 5546 hienricusmrater
1446 5484 1641 5555 imperatoris,
1669 5484 1739 5542 duce
1765 5479 1888 5537 Venetiae
1908 5481 1967 5551 iam

336 5583 518 5648 conturbem
538 5578 815 5657 Constantinopolim.
840 5577 1009 5647 liursuiiius,
1026 5580 1074 5651 qui
1096 5593 1126 5636 se
1177 5589 1298 5645 mortun.
1317 5578 1439 5636 blarcltio
1452 5593 1563 5649 quoque
1581 5575 1751 5639 Borriimius,
1772 5574 1821 5645 qui
1842 5571 1969 5646 regnarit

335 5676 531 5753 incentorem
550 5676 679 5748 baubat,
695 5672 764 5749 iuuit
782 5673 817 5734 de
832 5675 910 5732 urbe.
932 5673 1010 5732 lilius
1023 5675 1058 5732 ad
1073 5674 1126 5735 im·
1176 5677 1204 5741 iu
1225 5675 1431 5742 Thessalonica,
1452 5689 1468 5730 a
1489 5671 1591 5729 Graecis
1611 5679 1639 5726 et
1660 5669 1745 5727 blatis
1761 5668 1849 5724 multa
1867 5681 1967 5739 passus

1293 2579 1359 2637 Quos
1375 2579 1530 2642 sequuntur,
1546 2525 1623 2623 babet
1639 2566 1756 2623 Esteuais
1775 2568 1867 2623 codex.
1885 2626 1889 2635 Ι

1222 2664 1377 2734 Adimpleta
1399 2671 1442 2719 cst
1463 2662 1627 2733 prophetia,
1657 2677 1739 2732 quam
1762 2661 1980 2719 mathematicus

896 2795 1059 2852 adveniam
1076 2795 1137 2850 luce
1186 2757 1299 2828 quidam
1312 2757 1437 2828 praedixit
1452 2755 1573 2812 holricus
1590 2772 1596 2808 :
1615 2755 1731 2810 Gaudete
1746 2764 1842 2824 septem
1862 2765 1976 2818 orontes.

1185 2851 1231 2906 aed
1251 2866 1301 2904 acar
1321 2848 1394 2904 mitte
1413 2865 1496 2904 curros
1511 2863 1521 2902 .’
1537 2849 1657 2904 noudum
1670 2849 1744 2903 euim
1763 2863 1778 2902 a
1793 2847 1979 2904 Constantino

1186 2941 1347 2998 millesimus
1360 2940 1506 2997 aduenerat
1516 2956 1615 3008 annus,
1624 2940 1734 3013 quaudo
1742 2938 1981 3013 Septem-solium,

1186 3035 1213 3090 id
1234 3043 1276 3089 cst
1292 3032 1558 3104 Constantinopolis,
1580 3049 1723 3089 asunumo
1742 3033 1842 3104 gaudio
1856 3033 1979 3091 tristitias

1186 3128 1242 3182 ruit
1259 3126 1292 3183 ad
1309 3126 1373 3182 ima.
1393 3125 1496 3182 Eodem
1510 3142 1581 3182 auno
1593 3135 1699 3181 cometa
1717 3141 1816 3197 magua
1831 3140 1925 3181 aerem
1944 3125 1978 3185 il-

1186 3221 1322 3277 lustrauit.
1352 3219 1454 3276 Eodem
1482 3234 1554 3274 anuo
1580 3218 1752 3274 evertet-abtim
1777 3220 1830 3273 uiri
1856 3218 1978 3277 domnos

1187 3310 1339 3378 Sobredus,
1360 3319 1388 3366 ct
1405 3311 1534 3383 magister
1552 3310 1660 3379 Petrus,
1679 3311 1832 3383 presbyteri
1848 3312 1977 3374 cardina·

1148 3436 1169 3496 c
1186 3405 1237 3471 les,
1253 3404 1409 3475 apostolicae
1426 3403 1500 3460 sedis
1515 3402 1606 3473 legati,
1624 3403 1658 3456 de
1679 3398 1756 3473 Syria
1777 3379 1977 3461 'Curtstantino-

345 3634 527 3694 coronarunt,
542 3624 654 3683 Venetis
672 3642 735 3683 eum
746 3624 931 3685 darmensibus
955 3626 1025 3684 votis
1037 3626 1135 3683 conrui-

345 3716 471 3774 rentibus
483 3717 629 3787 imperium
644 3717 800 3776 sortientes.
816 3712 885 3773 Nam
900 3724 998 3787 quarta
1015 3715 1134 3787 impera·

345 3811 422 3870 toriae
442 3811 578 3884 majestati
594 3810 735 3878 tribuitur,
751 3821 913 3882 quartarum
929 3812 1062 3877 medietas
1073 3825 1134 3869 ces-

343 3904 380 3965 sit
395 3903 518 3972 Venctis,
536 3914 565 3960 et
592 3914 690 3960 satem
711 3905 874 3975 peregrinis.
888 3904 1047 3961 Bonilacius
1067 3920 1133 3960 vero

343 3998 482 4066 marchio,
493 3998 542 4069 qni
562 3996 739 4070 blarqaritam
764 3999 976 4068 imperatricem,
992 4001 1132 4070 quondam

342 4089 456 4158 lsachii,
471 4103 594 4146 sororem
620 4089 757 4161 Aymerlci
779 4091 850 4161 regis
872 4088 1004 4162 Hungari,
1028 4091 1081 4152 sibi
1103 4092 1131 4147 in

342 4182 521 4241 matrimonio
547 4181 695 4254 copularit,
721 4181 949 4239 Thessalonicam
971 4183 1130 4247 vindicavit.

342 4272 504 4332 linrrubius
518 4280 610 4330 autem
625 4271 751 4328 uenum
776 4283 923 4343 tyranuum
938 4273 1044 4339 adiens,
1055 4284 1081 4329 et
1093 4273 1133 4328 ln·

341 4365 457 4428 tendens
470 4365 572 4422 bellum
587 4362 738 4430 blanditiis,
752 4372 780 4418 et
793 4362 909 4434 alicujus
929 4363 987 4434 spei
999 4365 1131 4421 seducere

340 4460 444 4529 uerbis,
456 4459 561 4516 lumine
575 4457 700 4530 priuatus
714 4465 758 4513 cst
773 4474 782 4526 ;
795 4456 960 4529 rediensque
976 4457 1011 4513 ad
1022 4456 1129 4524 urbem,

371 5832 429 5915 (al)
449 5831 516 5889 cdd.
540 5842 646 5893 ιιιιιιιι.
669 5835 747 5891 aedit
767 5852 778 5891 .-
799 5833 920 5908 ldeoque
938 5837 1069 5894 reoedeus
1089 5837 1125 5894 ab
1175 5833 1294 5908 pratatit,
1317 5831 1452 5888 ilenricus
1473 5830 1594 5887 nuntiae.
1614 5829 1658 5886 vir
1674 5829 1764 5887 audax
1783 5836 1812 5885 et
1833 5827 1967 5885 exercitio

336 5902 480 5959 obsidione
493 5904 627 5964 coniusns
641 5906 801 5964 Latinorum
813 5907 964 5976 exereitus,
978 5919 1069 5964 tameu
1085 5925 1126 5964 ιε..
1175 5907 1313 5963 tuilitaris.
1324 5902 1562 5973 bracchiaquoque
1575 5900 1744 5966 Bonilacius,
1755 5901 1804 5972 qui
1819 5898 1967 5957 Thessalo-

336 5973 387 6055 dilt
404 5973 434 6028 iu
454 5975 550 6030 urbem
568 5977 824 6034 Constantinianum
844 5979 957 6045 illesus,
978 5981 1023 6036 oui
1041 5979 1124 6036 irater
1175 5978 1244 6034 nicae
1258 5992 1287 6035 rc
1306 5991 1386 6040 naus,
1402 5975 1616 6044 circumquaque
1630 5971 1787 6046 prouincias
1800 5970 1967 6045 subjugare·

336 6046 526 6122 imperatoria,
553 6047 671 6106 ilenrico
697 6047 861 6109 Venetorum
886 6050 957 6110 duce
980 6050 1121 6124 defuncto,
1176 6056 1228 6117 rat,
1246 6047 1378 6111 alicacia
1392 6054 1419 6103 et
1433 6042 1607 6115 Bltctis,etc.
