4350 6709
276 494 331 567 ‚rac

281 699 382 756 delicet
396 701 477 772 Furi,
497 707 524 760 iu
545 708 612 764 iranr
628 728 724 770 rcrsus
738 727 818 774 estet
835 719 974 781 luroreru.
995 727 1071 782 Alter

281 807 349 849 vero
362 796 482 852 duorum
514 800 622 857 illorum
652 808 842 866 hereticorum
867 815 996 880 rnilitum,
1024 822 1072 890 qui

281 897 362 943 eraut
375 889 424 944 lilii
440 891 520 948 dictas
535 895 734 969 liaresiarelrae,
750 908 863 965 verricus
887 908 1027 980 Apamias,
1043 913 1070 967 iu

282 982 377 1037 odium
394 987 589 1045 canonicorom
608 1008 691 1050 numu
716 998 749 1052 dc
776 1004 927 1070 canonicis,
943 1007 989 1076 qui
1013 1019 1072 1064 erat

282 1076 423 1141 sacerdos,
439 1077 531 1133 dirina
544 1081 727 1139 celebrantem
737 1090 913 1157 superaltare
926 1094 1070 1163 cujusdam

282 1166 407 1221 ecclcsiae
432 1183 517 1240 prope
541 1172 687 1244 Ananias,
714 1180 838 1236 carnifex
864 1185 1071 1242 crudelissimus

282 1258 460 1314 membratim
483 1262 625 1330 dirisir,et
650 1284 735 1339 usque
762 1270 789 1325 in
814 1271 976 1329 hodiernum
999 1277 1072 1330 diem

283 1359 378 1404 manet
396 1350 485 1421 ipsum
501 1357 587 1412 altare
607 1359 680 1415 illius
691 1364 775 1419 occisi
799 1365 932 1437 sanguiue
945 1366 1071 1424 rubrica-⁸

270 1449 355 1531 utum.
372 1441 429 1499 Nec
442 1447 482 1501 sic
492 1451 595 1517 quierit
607 1451 686 1509 luror
697 1457 851 1527 earnificis;
878 1461 926 1515 sed
942 1478 1025 1516 urium
1038 1464 1072 1518 de

285 1531 420 1591 iratribus
452 1543 612 1597 monasterii
640 1547 817 1615 Aparuiarum
849 1553 1071 1622 apprehendens,

273 1631 384 1686 'oculos
397 1631 435 1686 illi
450 1635 522 1689 eruit
547 1637 573 1691 iu
594 1638 688 1694 odium
707 1642 848 1713 religionis
868 1645 1032 1703 Christianae
1046 1658 1073 1705 et

285 1725 482 1779 canonicorum
495 1737 692 1800 contemptum.
715 1733 774 1804 lpse
794 1739 877 1792 ctiam
894 1754 988 1797 eomes
1002 1740 1073 1798 l'uxi

284 1829 340 1869 non
355 1818 443 1871 multo
456 1829 516 1888 post
528 1825 726 1880 monasterium
748 1830 945 1899 supradictum,
969 1832 1087 1890 liabens.

284 1922 378 1964 eccum
407 1913 554 1981 ruptarios,
571 1915 670 1973 mimos
686 1928 713 1972 et
731 1903 900 1989 meretrices,
915 1902 1085 1996 vocansque¹

283 1998 409 2054 abbatem
426 2005 598 2072 nronastcrii,
611 2008 666 2074 cui,
695 2009 766 2064 sicut
787 2013 974 2080 praediximus,
989 2031 1073 2085 super
1088 1995 1109 2049 B

283 2112 385 2168 corprrs
398 2091 730 2176 Doruinicumjurarerat,
752 2110 824 2178 quod
842 2110 946 2165 nullam
959 2111 1072 2167 inferret

282 2191 527 2256 molestiam,dixit
545 2195 569 2251 ei
587 2207 617 2251 ut
632 2213 727 2253 onrncs
739 2200 857 2256 traderet
867 2211 894 2255 et
916 2202 976 2259 sine
994 2219 1071 2258 mora

281 2283 374 2339 clares
391 2288 563 2353 monasterii,
579 2289 653 2358 quod
679 2291 763 2346 abbas
783 2292 874 2348 lacere
893 2295 990 2350 noluit.
1015 2293 1070 2351 Ve-

282 2385 438 2431 rumtamen
454 2380 553 2445 tipreus
575 2382 659 2437 abbas
685 2400 719 2439 ne
735 2395 867 2456 tyrannus
891 2389 936 2443 illc
960 2390 1071 2446 easdem

280 2466 374 2522 clares
399 2467 519 2528 auferret
533 2487 582 2541 per
597 2473 766 2543 riotrrrrtarn,
794 2477 906 2534 intrarit
929 2488 957 2536 et
982 2482 1071 2537 clares

282 2564 443 2636 sepedictus
457 2565 548 2634 posuit
573 2583 654 2638 super
679 2586 780 2641 corpus
803 2571 832 2627 S.
848 2571 979 2629 Antonini
998 2591 1071 2631 mar-

282 2656 362 2729 tyris,¹
374 2657 447 2726 quud
462 2668 521 2712 erat
536 2675 620 2730 super
634 2662 731 2729 altare,
743 2665 914 2726 cucumultis
924 2667 986 2723 aliis·
1004 2683 1071 2723 sau·

283 2762 392 2806 crorum
415 2750 550 2821 reliquiis,
577 2753 695 2824 incujus
717 2756 798 2810 etiam
822 2759 910 2814 sancti
938 2760 1070 2814 bonorem

283 2843 401 2899 ecclesia
415 2844 461 2897 illa
474 2854 533 2899 crat
554 2844 677 2901 lundata.
704 2845 856 2904 Praedictus
870 2858 963 2905 autem
977 2865 1071 2906 curucs

283 2947 395 2992 secutus
406 2937 542 3003 abbatem,
558 2955 611 2992 nun
632 2938 757 2996 delereus
767 2942 901 3009 eeclesiae,
912 2953 1071 2999 sauctorum

282 3030 415 3100 reliquias
433 3046 487 3085 nou
507 3031 662 3098 atterulens,
679 3031 796 3104 desuper
821 3050 922 3105 eorpus
953 3038 1071 3093 sanetis·

284 3126 348 3181 simi
364 3128 503 3198 urartyris,
520 3142 662 3182 sacrorum
674 3129 929 3199 impudentissimus
942 3132 1069 3198 violator,

282 3221 374 3276 clares
388 3221 480 3303 rapuit
492 3231 666 3290 prccrmtatas.
679 3220 750 3289 Quid
772 3225 910 3294 ampliusl
934 3228 1070 3284 Abbatem

281 3327 310 3374 et
320 3318 470 3373 canonicos
481 3331 577 3372 ornnes
587 3299 614 3372 in
625 3318 719 3374 eadem
728 3320 865 3398 conclusit
878 3322 1005 3389 ecclesia,
1018 3309 1069 3380 ob²

281 3413 437 3483 seratisque
449 3413 552 3483 ianuis,
576 3414 612 3468 ibi
627 3428 680 3470 eos·
690 3415 776 3469 tenuit
792 3431 838 3484 per
850 3425 907 3472 tres
929 3417 1006 3484 dies;
1033 3419 1071 3474 ita

281 3504 357 3575 quod
377 3519 426 3574 per
450 3506 516 3560 illud
529 3505 648 3560 triduum
661 3521 714 3560 non
729 3507 914 3573 comederent,
930 3523 980 3562 uec
993 3509 1067 3563 bibe·

281 3608 354 3663 rent,
365 3613 415 3670 uec
430 3599 512 3653 etiarn
527 3599 561 3652 ad
573 3600 686 3669 quaesita
698 3609 802 3655 naturae
823 3599 915 3672 egredi
931 3610 1068 3669 poterant.

282 3687 431 3760 'tyrannus
450 3699 540 3744 autern
557 3690 664 3744 iuterim
679 3705 788 3746 onmem
809 3693 991 3747 substantiam
1008 3706 1070 3746 mu-

282 3780 399 3835 nasterii
410 3781 553 3851 diripiens,
567 3782 593 3835 in
607 3783 666 3851 ipso
678 3782 851 3840 inlirmitorio
874 3787 1071 3841 canonicorum

282 3873 310 3929 in
336 3881 522 3942 contemptum
548 3873 688 3942 religionis
716 3890 778 3929 curn
806 3877 865 3932 suis
881 3859 1071 3932 meretricibus

281 3968 447 4022 dormiebat.
469 3965 533 4021 Post
549 3967 668 4022 triduum
681 3977 772 4024 autern
788 3969 916 4025 abbatem
938 3980 966 4026 et
988 3986 1071 4027 carro·

282 4063 364 4117 uicos
379 4060 543 4116 deecclesia
559 4076 575 4115 a
591 4062 759 4117 monasterio
770 4060 828 4118 lere
846 4066 936 4119 nudos
947 4066 1069 4135 expulit;

283 4155 399 4224 iusuper
410 4169 458 4224 per
471 4163 558 4208 totum
574 4164 697 4209 castrum
710 4154 899 4226 Apamiamm,
922 4159 997 4227 quod
1012 4166 1071 4213 erat

283 4245 427 4315 proprium
453 4244 662 4309 canurricorum,
687 4243 758 4300 sicut
791 4244 895 4300 dietum
921 4257 977 4312 est,
1006 4243 1071 4300 lecit

285 4337 420 4408 praecuuis
434 4351 502 4391 uoce
520 4336 645 4401 clamari,
661 4344 691 4391 ut
705 4336 798 4392 nullus
824 4352 909 4392 ausus
923 4344 997 4391 esset
1019 4337 1070 4392 lm-

267 4484 269 4489 .
284 4433 367 4503 spicio
381 4433 502 4503 recipere
514 4433 633 4501 aliquem
648 4434 682 4488 de
697 4434 839 4490 canonicis
853 4433 897 4488 rel
923 4433 1048 4489 abbatem
1063 4452 1069 4487 :

285 4525 358 4580 lacta
374 4534 415 4578 est
430 4533 520 4578 autern
536 4524 713 4594 proclamatio
728 4524 899 4594 lrujrrsmocli,
916 4525 969 4580 snb
988 4540 1071 4595 poerra

285 4618 456 4688 gravissimae
476 4617 598 4671 ultiouis.
624 4619 766 4671 duorum
790 4617 1000 4671 inhumanitatis
1026 4632 1072 4686 ge·

803 545 810 555 -
868 515 1029 577 Atstolttt·
1050 515 1306 593 tcotoenstbtts
1369 542 1381 596 ἶ

280 610 441 679 ejecerunt:
457 617 530 685 quod
550 616 764 679 aurtirusdterus
776 628 910 697 proditor,
925 648 1019 691 comes
1035 635 1072 691 ri·
1085 643 1185 702 Adam

1850 556 1911 621 'ebe

1201 664 1287 720 prope
1301 654 1404 712 dietum
1417 664 1625 736 monasterium,
1643 680 1726 741 quam
1736 690 1798 730 curn
1814 678 1909 747 semel,

1116 739 1194 799 ,sicut
1205 755 1367 803 consuetum
1382 751 1493 819 babent,
1511 756 1537 809 in
1551 773 1624 814 anuo
1635 762 1779 819 visitarent
1797 770 1912 825 eanoni-

1123 835 1159 902 ci,
1175 846 1276 894 etcum
1301 847 1478 911 processione
1492 855 1657 920 veneranda,
1683 873 1783 928 corpus
1799 865 1841 917 sui
1865 876 1912 934 pa·

1123 931 1195 986 troni
1210 936 1374 993 venerabilis
1388 939 1520 997 Antonini
1546 946 1697 1004 honorilice
1721 952 1908 1023 deportarent,

1122 1023 1282 1091 praedictum
1298 1031 1425 1086 comitem
1443 1044 1517 1089 sorte
1531 1035 1641 1094 lortuita
1658 1043 1825 1111 equitantem
1843 1062 1910 1103 con·

1124 1115 1184 1186 tigit
1199 1122 1375 1187 pertransire,
1394 1125 1441 1194 qui
1458 1142 1508 1182 nec
1522 1127 1586 1193 Deo,
1603 1146 1654 1188 nee
1669 1144 1765 1190 sanctu
1784 1139 1908 1211 martyri,

1123 1209 1319 1280 uecreligtusa·
1340 1217 1509 1283 processioni
1533 1219 1671 1291 deterens,
1701 1228 1798 1283 saltem
1823 1230 1911 1302 signis

1123 1303 1287 1360 extrinsecis
1310 1307 1450 1366 burniliari
1477 1328 1531 1367 nou
1550 1317 1648 1384 potuit,
1661 1334 1712 1374 uec
1726 1321 1760 1375 de
1782 1326 1910 1393 equucui

1124 1394 1260 1453 insidebat
1274 1403 1379 1456 curarit
1389 1403 1567 1474 descendere,
1590 1411 1636 1464 sed
1664 1423 1759 1468 exerto
1775 1418 1910 1486 superbire

1123 1484 1207 1550 collo,
1220 1495 1249 1541 et
1266 1489 1384 1547 clatione
1406 1496 1555 1562 cervicosa,
1570 1486 1631 1568 quae
1652 1502 1703 1556 sibi
1718 1503 1835 1573 plurima
1851 1517 1911 1562 erat

1123 1577 1271 1636 domestica
1287 1586 1441 1654 pompatice
1460 1590 1617 1657 prarernn.
1633 1591 1711 1658 Quod
1732 1596 1825 1652 ridens
1845 1599 1910 1668 qul·

1124 1670 1186 1724 darn
1207 1673 1249 1729 rir
1268 1678 1441 1746 venerabilis,
1458 1681 1543 1738 abbas
1566 1685 1694 1741 videlicet
1714 1687 1748 1741 de
1770 1698 1863 1746 monte
1878 1689 1907 1746 S.

1122 1761 1216 1820 llariae
1228 1766 1419 1828 cisterciensis
1435 1777 1540 1831 ordinis
1553 1779 1600 1848 qui
1616 1797 1688 1853 unus
1710 1783 1743 1837 de
1764 1783 1910 1840 duodecim

1124 1853 1204 1924 louge
1217 1859 1354 1925 praedictis
1369 1864 1592 1930 praedicatoribus
1605 1869 1638 1922 acl
1648 1871 1851 1938 praedicandum
1863 1888 1911 1926 re·

1125 1957 1211 2011 norat,
1229 1958 1256 2003 et
1282 1959 1347 2006 tuoe
1359 1956 1490 2023 temporis
1502 1940 1735 2026 pr·uccssionr⁴illi
1766 1963 1908 2027 intererat,

1123 2040 1286 2097 exclamarit
1310 2057 1371 2115 post
1393 2048 1504 2117 ipsum:
1522 2051 1654 2119 clientes,
1682 2065 1711 2109 tn
1738 2070 1793 2108 nou
1818 2056 1909 2113 delens

1121 2131 1232 2188 domiuo
1247 2145 1293 2191 tuo
1316 2151 1411 2195 sancto
1427 2145 1556 2214 martyri3
1576 2147 1648 2201 selas
1659 2149 1732 2216 quod
1749 2148 1863 2216 invilla,
1880 2149 1908 2205 in

1122 2243 1176 2298 qua
1191 2244 1223 2284 ex
1239 2243 1315 2300 parte
1329 2237 1416 2290 sancti
1431 2236 1584 2293 dominium
1601 2239 1685 2296 babes
1708 2241 1801 2308 modo,
1818 2244 1910 2313 priva·

1121 2319 1194 2376 beris
1209 2321 1269 2392 ipso
1284 2323 1416 2395 dominio,
1431 2329 1467 2384 ita
1484 2339 1523 2397 nt,
1551 2340 1647 2387 sancto
1667 2332 1794 2399 laciente,
1822 2342 1849 2389 te
1868 2336 1909 2387 rl·

1120 2426 1200 2469 rente
1216 2419 1542 2478 sentiasexbaeredatum.
1561 2444 1571 2477 r
1588 2424 1676 2494 Cujus
1689 2425 1755 2479 boni
1769 2426 1821 2479 riri
1834 2407 1907 2481 dicta

1121 2507 1188 2583 lidcs
1207 2510 1342 2579 sequitur,
1364 2513 1435 2568 sient
1463 2515 1502 2570 rei
1521 2517 1596 2572 exitu
1623 2518 1846 2573 manifestissime
1860 2518 1907 2573 cle-

1121 2601 1250 2656 ctaratur.
1272 2602 1456 2664 crudelitates
1476 2610 1544 2666 istas
1571 2611 1681 2668 comitis
1702 2611 1770 2666 Furi
1796 2620 1824 2667 et
1846 2611 1909 2668 illas

1121 2700 1458 2765 quaesequuntur,audivi
1483 2703 1519 2758 ab
1531 2718 1580 2758 ore
1602 2705 1710 2762 abbatis
1739 2706 1825 2775 ipsius
1846 2702 1910 2759 'mo-

1121 2787 1234 2841 nasterii
1256 2789 1445 2859 Aparniarum,
1469 2796 1522 2850 riri
1548 2797 1601 2854 llrle
1627 2799 1713 2870 digni,
1734 2799 1787 2854 riri
1816 2799 1908 2854 multae

1121 2877 1271 2948 religionis,
1299 2882 1350 2936 viri
1365 2885 1516 2954 perspicuae
1532 2888 1675 2944 bonitatis.

1402 3065 1518 3122 CAPUT
1531 3065 1625 3123 xtvl.

1122 3173 1392 3250 Sacrilepiauliuque
1414 3181 1536 3264 [reinero
1560 3200 1576 3234 u
1601 3185 1695 3239 conrite
1722 3184 1842 3240 Furearl
1863 3203 1910 3257 per

1417 3269 1470 3307 urnr
1490 3262 1608 3323 patratu.

1158 3406 1280 3474 Quodam
1290 3416 1411 3478 tempore
1420 3407 1581 3478 saepedictus
1593 3420 1684 3466 comcs
1695 3409 1745 3464 ivit
1755 3424 1817 3464 eum
1836 3411 1909 3465 mul·

1121 3501 1237 3556 titudine
1253 3489 1448 3571 ¹ruptariorum
1474 3501 1509 3556 ad
1536 3501 1673 3571 quoddam
1711 3503 1909 3557 monasterium

1121 3595 1196 3664 quud
1211 3593 1351 3649 dicebatur
1367 3593 1395 3648 S.
1422 3593 1506 3648 llaria
1522 3594 1547 3648 in
1563 3603 1633 3648 terra
1646 3594 1755 3649 comitis
1768 3591 1909 3665 Urgelleu·

1123 3686 1172 3751 sis,
1187 3687 1213 3741 iu
1230 3702 1286 3757 quo
1301 3695 1361 3741 erat
1376 3687 1456 3742 sedes
1471 3686 1654 3757 episcopalis,
1677 3686 1802 3742 canonici
1815 3696 1906 3742 auteur

1122 3780 1245 3835 ecclcsiae
1269 3779 1354 3847 illius,
1368 3779 1495 3835 timentes·
1506 3796 1522 3835 a
1535 3779 1606 3835 lacie
1623 3780 1689 3836 dicti
1716 3780 1836 3848 comitis,
1864 3796 1909 3835 re·

1121 3883 1252 3943 ceperunt
1267 3873 1336 3927 sein
1358 3873 1485 3939 ecclesia,
1501 3874 1548 3927 ubi
1573 3875 1668 3929 tandiu
1690 3873 1803 3930 luerunt
1826 3876 1861 3929 ab
1875 3889 1910 3928 eo

1122 3966 1256 4036 oppressi,
1272 3967 1345 4035 quud
1360 3982 1416 4034 pras
1430 3967 1490 4022 sitis
1509 3967 1635 4038 augustia
1655 3967 1750 4021 urinas
1779 3982 1846 4022 suas
1868 3966 1910 4021 bi·

1122 4059 1187 4115 bere
1199 4069 1264 4114 suut
1282 4049 1434 4129 corripulsi,
1457 4061 1564 4133 quibus,
1582 4061 1691 4115 taudem
1719 4076 1748 4115 se
1769 4060 1908 4114 reddenti-

1122 4157 1185 4221 bus,
1200 4157 1305 4212 iutraus
1328 4155 1471 4212 ecclesiam
1494 4156 1582 4212 bostis·
1605 4153 1735 4211 Ecclesia»
1750 4153 1909 4209 crudelissi-
1963 4203 1971 4221 ,

1122 4263 1196 4312 rnus,
1211 4248 1286 4302 omni
1299 4246 1437 4302 abstracta
1459 4247 1629 4317 supellectili,
1644 4246 1774 4302 crucibus
1795 4254 1821 4300 ct
1836 4245 1911 4300 rasis

1123 4340 1210 4395 sacris
1226 4339 1442 4409 lractisinsuper
1456 4340 1607 4409 campanis,
1622 4339 1653 4392 in
1681 4354 1713 4392 ea
1739 4346 1835 4406 praeter
1861 4351 1911 4406 pa·

1123 4435 1204 4488 rietes
1215 4434 1283 4487 nibil
1299 4434 1419 4499 dimisit;
1436 4445 1567 4502 praeterea
1578 4433 1722 4487 ecclesiam
1739 4433 1814 4486 illam
1827 4433 1907 4501 quin-

1123 4526 1253 4596 quaginta
1277 4527 1399 4580 millibus
1430 4525 1581 4580 solidorum
1609 4525 1705 4579 redimi
1742 4523 1817 4579 lecit.
1847 4531 1908 4590 urm

1123 4617 1283 4684 laeto,dixit
1298 4619 1322 4672 ci
1333 4619 1444 4688 qnidam
1460 4618 1596 4688 pessimus
1613 4618 1693 4671 miles
1707 4632 1811 4671 sunsei
1828 4614 1908 4680 Eece,

285 4727 338 4766 uus
349 4712 355 4764 !
368 4708 437 4765 Cum
451 4711 524 4764 enim
542 4710 656 4765 ecclesia
674 4710 850 4772 incarceratis
866 4710 934 4765 solet
949 4725 1011 4764 esse
1026 4724 1072 4762 re·
1087 4725 1109 4780 p
1125 4712 1225 4782 iuquit,
1241 4712 1428 4767 destruximus
1444 4710 1474 4766 S.
1491 4710 1660 4765 Antoninum
1681 4719 1708 4763 et
1723 4709 1752 4764 S.
1770 4706 1908 4776 llariant;

267 4803 393 4874 ,sugium
419 4813 446 4858 et
461 4804 609 4869 damnatis,
640 4803 692 4859 iste
713 4794 900 4872 perversitatis
928 4811 1024 4857 auctor
1044 4801 1074 4856 in

287 4899 345 4967 ipsa
374 4897 490 4951 ccclesia
524 4897 678 4951 incarcerat
703 4895 872 4950 innocentes.
905 4893 1074 4964 Sarpedictus

286 4993 370 5047 etiam
387 5001 519 5062 tyrannus
535 4993 626 5046 statim
643 4991 731 5060 ipsam
743 4989 886 5044 ecclesiam
898 4988 929 5042 B.
942 4987 1073 5043 Antonini

285 5100 318 5138 ex
334 5099 434 5153 magua
446 5092 522 5152 parte
533 5083 628 5144 diruit,
642 5080 833 5136 dorruiturium
846 5088 873 5134 ct
897 5078 1073 5134 relectorium

285 5175 482 5230 canurricorum
506 5190 615 5238 eorurn,
640 5174 710 5228 sicut
728 5173 787 5228 risu
813 5173 998 5243 probavimus,
1026 5172 1074 5225 de·

286 5271 397 5336 struxit,
414 5278 441 5323 ct
454 5269 515 5323 inde
528 5267 708 5322 munitionem
727 5265 753 5319 in
774 5275 865 5319 castro
880 5264 1071 5334 ‘Apamiarum

286 5365 344 5421 lieri
362 5363 437 5418 lecit.
454 5363 494 5416 Ad
509 5349 644 5416 malorum
660 5358 743 5429 liujus
768 5357 910 5413 traditoris
925 5367 1074 5427 exaggera·

287 5460 402 5523 tionem,
415 5472 472 5512 rem
492 5455 639 5526 quamdam
661 5453 749 5508 relatu
769 5451 880 5524 diguam
909 5450 973 5504 liuic
998 5449 1072 5519 operi

285 5549 418 5606 duximus
429 5547 611 5603 inserendam.

573 5664 687 5721 CAPUT
706 5662 787 5720 llll.

271 5758 381 5838 ¹Comes
400 5778 532 5833 Feraensir
545 5780 716 5833 irreverenter
730 5795 757 5832 se
783 5780 849 5848 gerit
869 5794 932 5848 erga
947 5776 1072 5847 reliquiar

271 5889 274 5893 -
323 5853 378 5906 diui
388 5851 517 5909 Antonini
535 5851 672 5917 rnurtprr'e,
695 5865 754 5919 quur
774 5848 885 5912 solemni
909 5849 1073 5918 processione

271 5992 275 6001 ⁵
324 5921 499 5994 gestabantur

328 6004 375 6072 Est
391 6013 649 6087 quadamecctesia
663 6014 690 6070 in
706 6015 853 6086 supercilio
869 6014 970 6072 montis
980 6013 1073 6086 cujus·

1125 4805 1192 4860 nillil
1203 4806 1292 4862 adbuc
1301 4805 1381 4861 nubis
1391 4814 1484 4871 restat,
1499 4805 1552 4860 nisi
1561 4813 1591 4859 ut
1605 4801 1906 4859 destruamuslieum.»

1123 4899 1185 4953 Alio
1199 4899 1281 4953 etiam
1294 4908 1426 4969 ternpore,
1442 4907 1473 4951 ut
1487 4897 1559 4952 idem
1576 4912 1668 4952 rennes
1689 4905 1717 4952 ct
1734 4898 1776 4952 sui
1794 4896 1909 4967 ruptarii

1124 4991 1282 5064 prurdietam
1300 4993 1450 5062 spoliarent
1464 4991 1620 5058 ecclesiam,
1638 4992 1672 5045 ad
1693 5001 1795 5046 tautam
1811 4991 1911 5048 crude-

1125 5087 1209 5142 litatis
1223 5087 1387 5142 demeutiam
1401 5086 1580 5148 devenerunt,
1592 5086 1665 5155 quod
1691 5085 1758 5155 ipsis
1782 5085 1910 5155 imagini·

1123 5182 1176 5237 bus
1188 5180 1311 5235 crucillxi
1326 5190 1442 5234 eruract
1453 5179 1777 5242 braclriaabseiudentes,
1791 5178 1854 5233 inrle
1868 5178 1910 5246 pi·

1124 5283 1216 5338 per-ern
1231 5277 1259 5324 et
1272 5268 1370 5323 lrcrbas
1384 5267 1418 5322 ad
1428 5269 1553 5323 ciborum
1568 5270 1771 5324 condimentum
1786 5268 1910 5322 terebant

1125 5364 1152 5417 iu
1166 5371 1352 5432 contemptum
1365 5361 1515 5418 Dominicae
1525 5363 1672 5432 passionis.
1685 5361 1707 5416 0
1725 5360 1909 5416 crudelissimi

1124 5440 1281 5511 carnifices!
1295 5457 1435 5527 upessimi
1450 5457 1603 5513 derisores!
1618 5471 1635 5510 o
1651 5453 1821 5510 crudeliores
1841 5453 1908 5524 ipsis

1123 5547 1226 5603 Cirristi
1239 5549 1466 5605 crucifixoribus!
1486 5565 1503 5603 0
1518 5548 1733 5617 conspuentibus
1760 5545 1906 5602 saeviores!

1123 5640 1191 5696 Cum
1211 5641 1342 5697 vidissent
1362 5642 1480 5697 ministri
1496 5640 1613 5697 llerodis
1634 5639 1727 5695 lesuin
1756 5649 1907 5704 mortuum,

1125 5735 1163 5789 ait
1177 5734 1356 5805 evangelista,
1380 5751 1435 5789 uon
1459 5734 1600 5803 lrcgeruut
1620 5739 1681 5804 elus
1709 5748 1790 5788 crura
1815 5731 1912 5802 (loun.-

1125 5828 1193 5898 xta).
1208 5826 1231 5882 0
1249 5843 1348 5882 norum
1362 5827 1541 5882 immanitatis
1552 5825 1697 5880 artificium
1711 5827 1750 5889 !,o
1779 5823 1908 5880 tuaurtira

1124 5921 1294 5977 crudelitatis
1308 5920 1438 5975 indicium
1450 5921 1456 5974 l
1470 5935 1487 5973 u
1499 5920 1648 5984 bominem,
1660 5919 1788 5975 comitem
1804 5917 1823 5972 F
1827 5933 1911 5974 uren

1125 6028 1182 6072 sem
1193 6012 1267 6085 dico,
1282 6012 1466 6072 miserrimum
1482 6009 1646 6072 mlsc'roruru
1657 6013 1693 6072 lo
1722 6013 1809 6070 bestia
1831 6013 1909 6069 eruut
