<?xml version="1.0" encoding="UTF-8"?>
<!DOCTYPE html PUBLIC "-//W3C//DTD XHTML 1.0 Transitional//EN"
    "http://www.w3.org/TR/xhtml1/DTD/xhtml1-transitional.dtd">
<html xmlns="http://www.w3.org/1999/xhtml" xml:lang="en" lang="en">
 <head>
  <title>
</title>
<meta http-equiv="Content-Type" content="text/html;charset=utf-8" />
  <meta name='ocr-system' content='tesseract 3.04.00' />
  <meta name='ocr-capabilities' content='ocr_page ocr_carea ocr_par ocr_line ocrx_word'/>
</head>
<body>
  <div class='ocr_page' id='page_1' title='image "./patrologiaecurs78unkngoog/patrologiaecurs78unkngoog_0456.png"; bbox 0 0 4350 6709; ppageno 0'>
   <div class='ocr_carea' id='block_1_1' title="bbox 347 485 1980 585">
    <p class='ocr_par' dir='ltr' id='par_1_1' title="bbox 347 485 1980 585">
     <span class='ocr_line' id='line_1_1' title="bbox 347 485 1980 585; baseline -0.005 -1"><span class='ocrx_word' id='word_1_1' title='bbox 347 526 401 585; x_wconf 77' lang='lat' dir='ltr'>aaa</span> <span class='ocrx_word' id='word_1_2' title='bbox 964 485 1122 579; x_wconf 69' lang='lat' dir='ltr'>mourut</span> <span class='ocrx_word' id='word_1_3' title='bbox 1141 520 1279 579; x_wconf 74' lang='lat' dir='ltr'>secum</span> <span class='ocrx_word' id='word_1_4' title='bbox 1299 518 1356 576; x_wconf 87' lang='grc' dir='ltr'>ιιιι.</span> <span class='ocrx_word' id='word_1_5' title='bbox 1711 567 1714 573; x_wconf 89' lang='grc'><strong>.</strong></span> <span class='ocrx_word' id='word_1_6' title='bbox 1925 519 1980 576; x_wconf 84' lang='grc' dir='ltr'>ιιι</span> 
     </span>
    </p>
   </div>
   <div class='ocr_carea' id='block_1_2' title="bbox 324 633 1980 2279">
    <p class='ocr_par' dir='ltr' id='par_1_2' title="bbox 324 633 1980 2279">
     <span class='ocr_line' id='line_1_2' title="bbox 342 633 1979 710; baseline -0.004 -12"><span class='ocrx_word' id='word_1_7' title='bbox 342 642 409 699; x_wconf 81' lang='lat' dir='ltr'>Car.</span> <span class='ocrx_word' id='word_1_8' title='bbox 431 639 562 696; x_wconf 75' lang='lat' dir='ltr'>xxxin.</span> <span class='ocrx_word' id='word_1_9' title='bbox 582 639 741 693; x_wconf 81' lang='lat' dir='ltr'>Adirorratio</span> <span class='ocrx_word' id='word_1_10' title='bbox 759 637 794 690; x_wconf 88' lang='lat' dir='ltr'>ad</span> <span class='ocrx_word' id='word_1_11' title='bbox 815 637 983 708; x_wconf 81' lang='lat' dir='ltr'>quarendum</span> <span class='ocrx_word' id='word_1_12' title='bbox 1009 645 1135 692; x_wconf 80' lang='lat' dir='ltr'>constan·</span> <span class='ocrx_word' id='word_1_13' title='bbox 1149 642 1173 701; x_wconf 74' lang='grc' dir='ltr'><strong>Α</strong></span> <span class='ocrx_word' id='word_1_14' title='bbox 1186 635 1266 710; x_wconf 84' lang='lat' dir='ltr'>plene</span> <span class='ocrx_word' id='word_1_15' title='bbox 1289 634 1415 689; x_wconf 88' lang='lat' dir='ltr'>rideatur</span> <span class='ocrx_word' id='word_1_16' title='bbox 1439 633 1521 691; x_wconf 84' lang='lat' dir='ltr'>[leus.</span> <span class='ocrx_word' id='word_1_17' title='bbox 1546 633 1724 692; x_wconf 80' lang='lat' dir='ltr'>Exercendus</span> <span class='ocrx_word' id='word_1_18' title='bbox 1745 641 1787 689; x_wconf 88' lang='lat' dir='ltr'>est</span> <span class='ocrx_word' id='word_1_19' title='bbox 1808 634 1979 691; x_wconf 81' lang='lat' dir='ltr'>intellectus·</span> 
     </span>
     <span class='ocr_line' id='line_1_3' title="bbox 424 708 1980 798; baseline 0.003 -19"><span class='ocrx_word' id='word_1_20' title='bbox 424 723 474 767; x_wconf 85' lang='lat' dir='ltr'>tem</span> <span class='ocrx_word' id='word_1_21' title='bbox 489 729 548 765; x_wconf 69' lang='lat' dir='ltr'>ssim</span> <span class='ocrx_word' id='word_1_22' title='bbox 563 709 617 765; x_wconf 57' lang='lat'>⁰9⁰</span> <span class='ocrx_word' id='word_1_23' title='bbox 632 711 765 772; x_wconf 60' lang='lat' dir='ltr'>“dimidii</span> <span class='ocrx_word' id='word_1_24' title='bbox 778 720 802 761; x_wconf 57' lang='grc' dir='ltr'>εἴ</span> <span class='ocrx_word' id='word_1_25' title='bbox 814 708 947 763; x_wconf 67' lang='lat' dir='ltr'>⁰⁰²¹⁶¹⁸¹⁸i⁰</span> <span class='ocrx_word' id='word_1_26' title='bbox 959 710 1055 779; x_wconf 66' lang='lat' dir='ltr'>⁰P0&#39;1&#39;8·</span> <span class='ocrx_word' id='word_1_27' title='bbox 1177 742 1241 798; x_wconf 61' lang='lat' dir='ltr'>=quo</span> <span class='ocrx_word' id='word_1_28' title='bbox 1265 735 1332 782; x_wconf 87' lang='lat' dir='ltr'>tunc</span> <span class='ocrx_word' id='word_1_29' title='bbox 1352 725 1473 797; x_wconf 86' lang='lat' dir='ltr'>perlecto</span> <span class='ocrx_word' id='word_1_30' title='bbox 1498 727 1624 798; x_wconf 87' lang='lat' dir='ltr'>capiatur</span> <span class='ocrx_word' id='word_1_31' title='bbox 1651 725 1734 783; x_wconf 83' lang='lat' dir='ltr'>Deus.</span> <span class='ocrx_word' id='word_1_32' title='bbox 1754 723 1931 782; x_wconf 84' lang='lat' dir='ltr'>Nutriendus</span> <span class='ocrx_word' id='word_1_33' title='bbox 1955 736 1980 783; x_wconf 85' lang='lat' dir='ltr'>et</span> 
     </span>
     <span class='ocr_line' id='line_1_4' title="bbox 379 819 1978 888; baseline -0.004 -8"><span class='ocrx_word' id='word_1_34' title='bbox 379 826 438 880; x_wconf 84' lang='lat' dir='ltr'>Tali</span> <span class='ocrx_word' id='word_1_35' title='bbox 467 824 549 881; x_wconf 90' lang='lat' dir='ltr'>modo</span> <span class='ocrx_word' id='word_1_36' title='bbox 571 823 628 879; x_wconf 89' lang='lat' dir='ltr'>llco</span> <span class='ocrx_word' id='word_1_37' title='bbox 651 825 834 888; x_wconf 82' lang='lat' dir='ltr'>inhaeremus,</span> <span class='ocrx_word' id='word_1_38' title='bbox 862 831 889 879; x_wconf 90' lang='lat' dir='ltr'>et</span> <span class='ocrx_word' id='word_1_39' title='bbox 914 824 955 878; x_wconf 86' lang='lat' dir='ltr'>sic</span> <span class='ocrx_word' id='word_1_40' title='bbox 976 822 1135 878; x_wconf 78' lang='lat' dir='ltr'>inhaerendo</span> <span class='ocrx_word' id='word_1_41' title='bbox 1184 820 1382 880; x_wconf 74' lang='lat' dir='ltr'>castificandus</span> <span class='ocrx_word' id='word_1_42' title='bbox 1397 829 1439 877; x_wconf 88' lang='lat' dir='ltr'>est</span> <span class='ocrx_word' id='word_1_43' title='bbox 1451 835 1538 885; x_wconf 89' lang='lat' dir='ltr'>amor,</span> <span class='ocrx_word' id='word_1_44' title='bbox 1554 829 1583 874; x_wconf 93' lang='lat' dir='ltr'>ut</span> <span class='ocrx_word' id='word_1_45' title='bbox 1595 827 1661 876; x_wconf 89' lang='lat' dir='ltr'>tunc</span> <span class='ocrx_word' id='word_1_46' title='bbox 1675 837 1709 875; x_wconf 90' lang='lat' dir='ltr'>ex</span> <span class='ocrx_word' id='word_1_47' title='bbox 1728 819 1859 877; x_wconf 87' lang='lat' dir='ltr'>omnibus</span> <span class='ocrx_word' id='word_1_48' title='bbox 1872 819 1978 875; x_wconf 69' lang='lat' dir='ltr'>viribus</span> 
     </span>
     <span class='ocr_line' id='line_1_5' title="bbox 342 913 1978 989; baseline -0.004 -14"><span class='ocrx_word' id='word_1_49' title='bbox 342 918 619 989; x_wconf 88' lang='lat' dir='ltr'>unusspirituscum</span> <span class='ocrx_word' id='word_1_50' title='bbox 644 916 760 972; x_wconf 81' lang='lat' dir='ltr'>Domino</span> <span class='ocrx_word' id='word_1_51' title='bbox 785 917 937 984; x_wconf 82' lang='lat' dir='ltr'>edicimur3</span> <span class='ocrx_word' id='word_1_52' title='bbox 963 932 1018 970; x_wconf 93' lang='lat' dir='ltr'>non</span> <span class='ocrx_word' id='word_1_53' title='bbox 1042 925 1134 972; x_wconf 78' lang='lat' dir='ltr'>tanuen</span> <span class='ocrx_word' id='word_1_54' title='bbox 1186 923 1213 971; x_wconf 84' lang='grc' dir='ltr'>ιι</span> <span class='ocrx_word' id='word_1_55' title='bbox 1232 922 1307 970; x_wconf 86' lang='lat' dir='ltr'>caste</span> <span class='ocrx_word' id='word_1_56' title='bbox 1330 914 1460 984; x_wconf 72' lang='lat' dir='ltr'>diligatur</span> <span class='ocrx_word' id='word_1_57' title='bbox 1483 913 1565 971; x_wconf 86' lang='lat' dir='ltr'>Deus.</span> <span class='ocrx_word' id='word_1_58' title='bbox 1588 913 1676 981; x_wconf 81' lang='lat' dir='ltr'>Situ,</span> <span class='ocrx_word' id='word_1_59' title='bbox 1700 915 1796 980; x_wconf 85' lang='lat' dir='ltr'>irater,</span> <span class='ocrx_word' id='word_1_60' title='bbox 1821 913 1978 971; x_wconf 81' lang='lat' dir='ltr'>secundum</span> 
     </span>
     <span class='ocr_line' id='line_1_6' title="bbox 342 1004 1977 1082; baseline -0.004 -16"><span class='ocrx_word' id='word_1_61' title='bbox 342 1010 462 1082; x_wconf 84' lang='lat' dir='ltr'>aeqrrales</span> <span class='ocrx_word' id='word_1_62' title='bbox 476 1009 548 1070; x_wconf 87' lang='lat' dir='ltr'>lleo,</span> <span class='ocrx_word' id='word_1_63' title='bbox 564 1011 612 1065; x_wconf 88' lang='lat' dir='ltr'>sed</span> <span class='ocrx_word' id='word_1_64' title='bbox 628 1010 661 1064; x_wconf 90' lang='lat' dir='ltr'>ad</span> <span class='ocrx_word' id='word_1_65' title='bbox 676 1009 860 1079; x_wconf 80' lang='lat' dir='ltr'>aequalitatem</span> <span class='ocrx_word' id='word_1_66' title='bbox 875 1009 922 1065; x_wconf 86' lang='lat' dir='ltr'>Dei</span> <span class='ocrx_word' id='word_1_67' title='bbox 938 1011 1053 1074; x_wconf 89' lang='lat' dir='ltr'>erimus,</span> <span class='ocrx_word' id='word_1_68' title='bbox 1070 1010 1135 1080; x_wconf 89' lang='lat' dir='ltr'>quia</span> <span class='ocrx_word' id='word_1_69' title='bbox 1185 1005 1244 1060; x_wconf 79' lang='lat' dir='ltr'>hacc</span> <span class='ocrx_word' id='word_1_70' title='bbox 1256 1006 1347 1062; x_wconf 90' lang='lat' dir='ltr'>omnia</span> <span class='ocrx_word' id='word_1_71' title='bbox 1369 1004 1480 1071; x_wconf 81' lang='lat' dir='ltr'>seceris,</span> <span class='ocrx_word' id='word_1_72' title='bbox 1497 1005 1636 1077; x_wconf 85' lang='lat' dir='ltr'>perlectus</span> <span class='ocrx_word' id='word_1_73' title='bbox 1649 1015 1676 1062; x_wconf 87' lang='lat' dir='ltr'>et</span> <span class='ocrx_word' id='word_1_74' title='bbox 1691 1021 1764 1062; x_wconf 88' lang='lat' dir='ltr'>unus</span> <span class='ocrx_word' id='word_1_75' title='bbox 1779 1006 1896 1077; x_wconf 90' lang='lat' dir='ltr'>spiritus</span> <span class='ocrx_word' id='word_1_76' title='bbox 1914 1018 1977 1060; x_wconf 83' lang='lat' dir='ltr'>cum</span> 
     </span>
     <span class='ocr_line' id='line_1_7' title="bbox 342 1096 1976 1172; baseline -0.004 -13"><span class='ocrx_word' id='word_1_77' title='bbox 342 1101 695 1172; x_wconf 82' lang='lat' dir='ltr'>immutabimur:ctquod</span> <span class='ocrx_word' id='word_1_78' title='bbox 719 1117 792 1156; x_wconf 87' lang='lat' dir='ltr'>nunc</span> <span class='ocrx_word' id='word_1_79' title='bbox 810 1102 980 1172; x_wconf 83' lang='lat' dir='ltr'>impossibiie</span> <span class='ocrx_word' id='word_1_80' title='bbox 998 1109 1134 1166; x_wconf 87' lang='lat' dir='ltr'>est,tuno</span> <span class='ocrx_word' id='word_1_81' title='bbox 1185 1096 1301 1155; x_wconf 86' lang='lat' dir='ltr'>Domino</span> <span class='ocrx_word' id='word_1_82' title='bbox 1329 1101 1395 1158; x_wconf 90' lang='lat' dir='ltr'>eris.</span> <span class='ocrx_word' id='word_1_83' title='bbox 1422 1098 1523 1156; x_wconf 83' lang='lat' dir='ltr'>Omnes</span> <span class='ocrx_word' id='word_1_84' title='bbox 1550 1100 1578 1154; x_wconf 91' lang='lat' dir='ltr'>in</span> <span class='ocrx_word' id='word_1_85' title='bbox 1609 1099 1662 1155; x_wconf 88' lang='lat' dir='ltr'>lroc</span> <span class='ocrx_word' id='word_1_86' title='bbox 1693 1099 1925 1162; x_wconf 74' lang='lat' dir='ltr'>consentiamus,</span> <span class='ocrx_word' id='word_1_87' title='bbox 1948 1104 1976 1153; x_wconf 88' lang='lat' dir='ltr'>ut</span> 
     </span>
     <span class='ocr_line' id='line_1_8' title="bbox 342 1189 1974 1266; baseline -0.004 -15"><span class='ocrx_word' id='word_1_88' title='bbox 342 1194 395 1251; x_wconf 87' lang='lat' dir='ltr'>erit</span> <span class='ocrx_word' id='word_1_89' title='bbox 406 1194 545 1266; x_wconf 83' lang='lat' dir='ltr'>possibile.</span> <span class='ocrx_word' id='word_1_90' title='bbox 561 1194 634 1261; x_wconf 83' lang='lat' dir='ltr'>Quid</span> <span class='ocrx_word' id='word_1_91' title='bbox 646 1196 720 1250; x_wconf 90' lang='lat' dir='ltr'>enim</span> <span class='ocrx_word' id='word_1_92' title='bbox 735 1196 808 1249; x_wconf 88' lang='lat' dir='ltr'>aliud</span> <span class='ocrx_word' id='word_1_93' title='bbox 820 1204 863 1250; x_wconf 89' lang='lat' dir='ltr'>est</span> <span class='ocrx_word' id='word_1_94' title='bbox 875 1197 1029 1252; x_wconf 86' lang='lat' dir='ltr'>immutatio</span> <span class='ocrx_word' id='word_1_95' title='bbox 1041 1206 1134 1257; x_wconf 86' lang='lat' dir='ltr'>nostru</span> <span class='ocrx_word' id='word_1_96' title='bbox 1185 1207 1282 1250; x_wconf 88' lang='lat' dir='ltr'>omnes</span> <span class='ocrx_word' id='word_1_97' title='bbox 1297 1208 1383 1249; x_wconf 90' lang='lat' dir='ltr'>unum</span> <span class='ocrx_word' id='word_1_98' title='bbox 1398 1192 1496 1259; x_wconf 90' lang='lat' dir='ltr'>simus,</span> <span class='ocrx_word' id='word_1_99' title='bbox 1513 1193 1586 1249; x_wconf 90' lang='lat' dir='ltr'>sicut</span> <span class='ocrx_word' id='word_1_100' title='bbox 1607 1189 1688 1246; x_wconf 83' lang='lat' dir='ltr'>Pater</span> <span class='ocrx_word' id='word_1_101' title='bbox 1702 1198 1729 1247; x_wconf 90' lang='lat' dir='ltr'>et</span> <span class='ocrx_word' id='word_1_102' title='bbox 1743 1190 1830 1247; x_wconf 79' lang='lat' dir='ltr'>Filius</span> <span class='ocrx_word' id='word_1_103' title='bbox 1840 1195 1870 1246; x_wconf 85' lang='grc' dir='ltr'>ἰι</span> <span class='ocrx_word' id='word_1_104' title='bbox 1885 1189 1974 1263; x_wconf 77' lang='lat' dir='ltr'>Spiri-</span> 
     </span>
     <span class='ocr_line' id='line_1_9' title="bbox 324 1284 1975 1358; baseline -0.001 -17"><span class='ocrx_word' id='word_1_105' title='bbox 324 1288 396 1343; x_wconf 85' lang='lat' dir='ltr'>-nisi</span> <span class='ocrx_word' id='word_1_106' title='bbox 421 1286 494 1358; x_wconf 82' lang='lat' dir='ltr'>quod</span> <span class='ocrx_word' id='word_1_107' title='bbox 520 1302 602 1356; x_wconf 88' lang='lat' dir='ltr'>supra</span> <span class='ocrx_word' id='word_1_108' title='bbox 630 1287 699 1350; x_wconf 85' lang='lat' dir='ltr'>hoc,</span> <span class='ocrx_word' id='word_1_109' title='bbox 728 1287 801 1356; x_wconf 76' lang='lat' dir='ltr'>quod</span> <span class='ocrx_word' id='word_1_110' title='bbox 823 1287 904 1342; x_wconf 92' lang='lat' dir='ltr'>modu</span> <span class='ocrx_word' id='word_1_111' title='bbox 927 1298 980 1351; x_wconf 88' lang='lat' dir='ltr'>est,</span> <span class='ocrx_word' id='word_1_112' title='bbox 1004 1297 1069 1343; x_wconf 88' lang='lat' dir='ltr'>tuna</span> <span class='ocrx_word' id='word_1_113' title='bbox 1082 1289 1135 1343; x_wconf 91' lang='lat' dir='ltr'>erit</span> <span class='ocrx_word' id='word_1_114' title='bbox 1186 1293 1231 1343; x_wconf 91' lang='lat' dir='ltr'>tus</span> <span class='ocrx_word' id='word_1_115' title='bbox 1253 1294 1367 1343; x_wconf 85' lang='lat' dir='ltr'>sanctus</span> <span class='ocrx_word' id='word_1_116' title='bbox 1385 1301 1471 1342; x_wconf 88' lang='lat' dir='ltr'>unum</span> <span class='ocrx_word' id='word_1_117' title='bbox 1493 1293 1567 1343; x_wconf 82' lang='lat' dir='ltr'>sunt.</span> <span class='ocrx_word' id='word_1_118' title='bbox 1582 1284 1639 1343; x_wconf 85' lang='lat' dir='ltr'>Nos</span> <span class='ocrx_word' id='word_1_119' title='bbox 1653 1300 1750 1342; x_wconf 89' lang='lat' dir='ltr'>onmes</span> <span class='ocrx_word' id='word_1_120' title='bbox 1766 1300 1853 1340; x_wconf 90' lang='lat' dir='ltr'>unum</span> <span class='ocrx_word' id='word_1_121' title='bbox 1875 1284 1975 1351; x_wconf 83' lang='lat' dir='ltr'>simus,</span> 
     </span>
     <span class='ocr_line' id='line_1_10' title="bbox 342 1377 1975 1449; baseline 0.001 -17"><span class='ocrx_word' id='word_1_122' title='bbox 342 1386 440 1432; x_wconf 84' lang='lat' dir='ltr'>natura</span> <span class='ocrx_word' id='word_1_123' title='bbox 457 1387 562 1435; x_wconf 85' lang='lat' dir='ltr'>nostre.</span> <span class='ocrx_word' id='word_1_124' title='bbox 574 1378 606 1433; x_wconf 76' lang='lat' dir='ltr'>Et</span> <span class='ocrx_word' id='word_1_125' title='bbox 622 1378 694 1449; x_wconf 86' lang='lat' dir='ltr'>quod</span> <span class='ocrx_word' id='word_1_126' title='bbox 707 1393 781 1433; x_wconf 89' lang='lat' dir='ltr'>nunc</span> <span class='ocrx_word' id='word_1_127' title='bbox 797 1377 932 1443; x_wconf 86' lang='lat' dir='ltr'>ridemus,</span> <span class='ocrx_word' id='word_1_128' title='bbox 948 1380 1021 1448; x_wconf 85' lang='lat' dir='ltr'>quod</span> <span class='ocrx_word' id='word_1_129' title='bbox 1032 1380 1134 1435; x_wconf 88' lang='lat' dir='ltr'>iutelli—</span> <span class='ocrx_word' id='word_1_130' title='bbox 1184 1389 1213 1435; x_wconf 89' lang='lat' dir='ltr'>ut</span> <span class='ocrx_word' id='word_1_131' title='bbox 1225 1379 1375 1436; x_wconf 84' lang='lat' dir='ltr'>habeamus</span> <span class='ocrx_word' id='word_1_132' title='bbox 1388 1394 1484 1435; x_wconf 86' lang='lat' dir='ltr'>onmes</span> <span class='ocrx_word' id='word_1_133' title='bbox 1496 1394 1577 1434; x_wconf 82' lang='lat' dir='ltr'>unam</span> <span class='ocrx_word' id='word_1_134' title='bbox 1589 1378 1767 1442; x_wconf 82' lang='lat' dir='ltr'>voluntatem,</span> <span class='ocrx_word' id='word_1_135' title='bbox 1784 1392 1868 1433; x_wconf 89' lang='lat' dir='ltr'>unam</span> <span class='ocrx_word' id='word_1_136' title='bbox 1884 1377 1975 1434; x_wconf 85' lang='lat' dir='ltr'>inten-</span> 
     </span>
     <span class='ocr_line' id='line_1_11' title="bbox 341 1470 1975 1542; baseline 0.001 -19"><span class='ocrx_word' id='word_1_137' title='bbox 341 1470 441 1538; x_wconf 75' lang='lat' dir='ltr'>aimus.</span> <span class='ocrx_word' id='word_1_138' title='bbox 457 1470 531 1540; x_wconf 83' lang='lat' dir='ltr'>qnod</span> <span class='ocrx_word' id='word_1_139' title='bbox 543 1486 676 1533; x_wconf 80' lang='lat' dir='ltr'>amoinus.</span> <span class='ocrx_word' id='word_1_140' title='bbox 695 1471 773 1527; x_wconf 82' lang='lat' dir='ltr'>abeo</span> <span class='ocrx_word' id='word_1_141' title='bbox 793 1486 934 1542; x_wconf 88' lang='lat' dir='ltr'>nunquam</span> <span class='ocrx_word' id='word_1_142' title='bbox 956 1472 984 1526; x_wconf 90' lang='lat' dir='ltr'>in</span> <span class='ocrx_word' id='word_1_143' title='bbox 999 1481 1131 1527; x_wconf 79' lang='lat' dir='ltr'>aeternum</span> <span class='ocrx_word' id='word_1_144' title='bbox 1185 1473 1286 1528; x_wconf 90' lang='lat' dir='ltr'>tionem</span> <span class='ocrx_word' id='word_1_145' title='bbox 1304 1479 1430 1529; x_wconf 84' lang='lat' dir='ltr'>etunam</span> <span class='ocrx_word' id='word_1_146' title='bbox 1449 1471 1625 1539; x_wconf 82' lang='lat' dir='ltr'>charitatem,</span> <span class='ocrx_word' id='word_1_147' title='bbox 1646 1476 1675 1526; x_wconf 92' lang='lat' dir='ltr'>ut</span> <span class='ocrx_word' id='word_1_148' title='bbox 1696 1470 1853 1534; x_wconf 84' lang='lat' dir='ltr'>rideamus,</span> <span class='ocrx_word' id='word_1_149' title='bbox 1871 1470 1975 1526; x_wconf 88' lang='lat' dir='ltr'>intelli·</span> 
     </span>
     <span class='ocr_line' id='line_1_12' title="bbox 341 1559 1973 1637; baseline 0.001 -22"><span class='ocrx_word' id='word_1_150' title='bbox 341 1560 535 1630; x_wconf 75' lang='lat' dir='ltr'>deflectemus3</span> <span class='ocrx_word' id='word_1_151' title='bbox 551 1563 615 1632; x_wconf 85' lang='lat' dir='ltr'>quia</span> <span class='ocrx_word' id='word_1_152' title='bbox 638 1570 737 1632; x_wconf 84' lang='lat' dir='ltr'>praeter</span> <span class='ocrx_word' id='word_1_153' title='bbox 754 1562 805 1617; x_wconf 84' lang='lat' dir='ltr'>troc</span> <span class='ocrx_word' id='word_1_154' title='bbox 820 1563 859 1616; x_wconf 91' lang='lat' dir='ltr'>nil</span> <span class='ocrx_word' id='word_1_155' title='bbox 872 1563 944 1617; x_wconf 85' lang='lat' dir='ltr'>aliud</span> <span class='ocrx_word' id='word_1_156' title='bbox 958 1563 1133 1635; x_wconf 84' lang='lat' dir='ltr'>qrraeremusl</span> <span class='ocrx_word' id='word_1_157' title='bbox 1182 1580 1279 1637; x_wconf 77' lang='lat' dir='ltr'>gaurus</span> <span class='ocrx_word' id='word_1_158' title='bbox 1299 1575 1327 1620; x_wconf 88' lang='lat' dir='ltr'>ct</span> <span class='ocrx_word' id='word_1_159' title='bbox 1342 1579 1466 1620; x_wconf 88' lang='lat' dir='ltr'>amemus</span> <span class='ocrx_word' id='word_1_160' title='bbox 1489 1562 1596 1619; x_wconf 83' lang='lat' dir='ltr'>Patrem</span> <span class='ocrx_word' id='word_1_161' title='bbox 1620 1571 1647 1618; x_wconf 87' lang='lat' dir='ltr'>et</span> <span class='ocrx_word' id='word_1_162' title='bbox 1669 1559 1768 1618; x_wconf 81' lang='lat' dir='ltr'>Filium</span> <span class='ocrx_word' id='word_1_163' title='bbox 1789 1570 1817 1618; x_wconf 94' lang='lat' dir='ltr'>et</span> <span class='ocrx_word' id='word_1_164' title='bbox 1840 1560 1973 1634; x_wconf 86' lang='lat' dir='ltr'>Spiritum</span> 
     </span>
     <span class='ocr_line' id='line_1_13' title="bbox 342 1641 1974 1721; baseline 0.004 -14"><span class='ocrx_word' id='word_1_165' title='bbox 342 1651 430 1710; x_wconf 84' lang='lat' dir='ltr'>liobet</span> <span class='ocrx_word' id='word_1_166' title='bbox 445 1655 518 1709; x_wconf 90' lang='lat' dir='ltr'>enim</span> <span class='ocrx_word' id='word_1_167' title='bbox 537 1653 564 1708; x_wconf 91' lang='lat' dir='ltr'>in</span> <span class='ocrx_word' id='word_1_168' title='bbox 582 1641 612 1709; x_wconf 73' lang='lat' dir='ltr'>se</span> <span class='ocrx_word' id='word_1_169' title='bbox 627 1670 708 1710; x_wconf 88' lang='lat' dir='ltr'>omne</span> <span class='ocrx_word' id='word_1_170' title='bbox 722 1655 967 1719; x_wconf 72' lang='lat' dir='ltr'>delectamentum,</span> <span class='ocrx_word' id='word_1_171' title='bbox 983 1661 1012 1708; x_wconf 90' lang='grc' dir='ltr'>ιιι</span> <span class='ocrx_word' id='word_1_172' title='bbox 1031 1671 1132 1711; x_wconf 83' lang='lat' dir='ltr'>menna</span> <span class='ocrx_word' id='word_1_173' title='bbox 1185 1655 1327 1721; x_wconf 86' lang='lat' dir='ltr'>Sanctum,</span> <span class='ocrx_word' id='word_1_174' title='bbox 1340 1672 1424 1711; x_wconf 86' lang='lat' dir='ltr'>unum</span> <span class='ocrx_word' id='word_1_175' title='bbox 1438 1653 1522 1711; x_wconf 86' lang='lat' dir='ltr'>ileum</span> <span class='ocrx_word' id='word_1_176' title='bbox 1535 1655 1563 1710; x_wconf 90' lang='lat' dir='ltr'>in</span> <span class='ocrx_word' id='word_1_177' title='bbox 1578 1651 1711 1710; x_wconf 79' lang='lat' dir='ltr'>Trinitote</span> <span class='ocrx_word' id='word_1_178' title='bbox 1724 1662 1751 1711; x_wconf 86' lang='lat' dir='ltr'>et</span> <span class='ocrx_word' id='word_1_179' title='bbox 1768 1652 1933 1711; x_wconf 78' lang='lat' dir='ltr'>Trinitatem</span> <span class='ocrx_word' id='word_1_180' title='bbox 1946 1657 1974 1715; x_wconf 82' lang='lat' dir='ltr'>io</span> 
     </span>
     <span class='ocr_line' id='line_1_14' title="bbox 342 1747 1973 1819; baseline 0.001 -17"><span class='ocrx_word' id='word_1_181' title='bbox 342 1748 481 1819; x_wconf 81' lang='lat' dir='ltr'>quondam</span> <span class='ocrx_word' id='word_1_182' title='bbox 501 1764 551 1819; x_wconf 93' lang='lat' dir='ltr'>pro</span> <span class='ocrx_word' id='word_1_183' title='bbox 570 1749 641 1803; x_wconf 84' lang='lat' dir='ltr'>relic</span> <span class='ocrx_word' id='word_1_184' title='bbox 660 1747 795 1818; x_wconf 83' lang='lat' dir='ltr'>cujusque</span> <span class='ocrx_word' id='word_1_185' title='bbox 811 1759 920 1818; x_wconf 79' lang='lat' dir='ltr'>gosuini</span> <span class='ocrx_word' id='word_1_186' title='bbox 935 1748 1131 1805; x_wconf 85' lang='lat' dir='ltr'>desideratum.</span> <span class='ocrx_word' id='word_1_187' title='bbox 1182 1751 1301 1814; x_wconf 84' lang='lat' dir='ltr'>unitate,</span> <span class='ocrx_word' id='word_1_188' title='bbox 1311 1759 1338 1806; x_wconf 90' lang='lat' dir='ltr'>et</span> <span class='ocrx_word' id='word_1_189' title='bbox 1356 1750 1418 1805; x_wconf 88' lang='lat' dir='ltr'>linis</span> <span class='ocrx_word' id='word_1_190' title='bbox 1431 1757 1481 1805; x_wconf 85' lang='lat' dir='ltr'>est.</span> <span class='ocrx_word' id='word_1_191' title='bbox 1496 1747 1537 1804; x_wconf 87' lang='lat' dir='ltr'>Sit</span> <span class='ocrx_word' id='word_1_192' title='bbox 1551 1748 1732 1819; x_wconf 84' lang='lat' dir='ltr'>quoqrrelibri</span> <span class='ocrx_word' id='word_1_193' title='bbox 1748 1748 1888 1818; x_wconf 84' lang='lat' dir='ltr'>hujushic</span> <span class='ocrx_word' id='word_1_194' title='bbox 1901 1748 1973 1808; x_wconf 87' lang='lat' dir='ltr'>linis.</span> 
     </span>
     <span class='ocr_line' id='line_1_15' title="bbox 342 1836 1926 1912; baseline 0.002 -21"><span class='ocrx_word' id='word_1_195' title='bbox 342 1837 376 1891; x_wconf 81' lang='lat' dir='ltr'>Et</span> <span class='ocrx_word' id='word_1_196' title='bbox 388 1837 411 1893; x_wconf 77' lang='lat' dir='ltr'>si</span> <span class='ocrx_word' id='word_1_197' title='bbox 425 1837 477 1892; x_wconf 88' lang='lat' dir='ltr'>hoc</span> <span class='ocrx_word' id='word_1_198' title='bbox 488 1837 544 1893; x_wconf 82' lang='lat' dir='ltr'>steri</span> <span class='ocrx_word' id='word_1_199' title='bbox 556 1838 645 1908; x_wconf 92' lang='lat' dir='ltr'>potuit</span> <span class='ocrx_word' id='word_1_200' title='bbox 653 1838 680 1893; x_wconf 90' lang='lat' dir='ltr'>io</span> <span class='ocrx_word' id='word_1_201' title='bbox 690 1853 720 1892; x_wconf 90' lang='lat' dir='ltr'>re</span> <span class='ocrx_word' id='word_1_202' title='bbox 730 1838 864 1892; x_wconf 86' lang='lat' dir='ltr'>materiali</span> <span class='ocrx_word' id='word_1_203' title='bbox 874 1836 1013 1907; x_wconf 79' lang='lat' dir='ltr'>longelleo</span> <span class='ocrx_word' id='word_1_204' title='bbox 1021 1838 1130 1909; x_wconf 89' lang='lat' dir='ltr'>impari,</span> <span class='ocrx_word' id='word_1_205' title='bbox 1183 1843 1260 1908; x_wconf 77' lang='lat' dir='ltr'>live,</span> <span class='ocrx_word' id='word_1_206' title='bbox 1271 1842 1342 1906; x_wconf 78' lang='lat' dir='ltr'>sale,</span> <span class='ocrx_word' id='word_1_207' title='bbox 1357 1841 1452 1905; x_wconf 84' lang='lat' dir='ltr'>irater,</span> <span class='ocrx_word' id='word_1_208' title='bbox 1463 1843 1499 1898; x_wconf 88' lang='lat' dir='ltr'>sit</span> <span class='ocrx_word' id='word_1_209' title='bbox 1507 1857 1560 1911; x_wconf 84' lang='lat' dir='ltr'>pax</span> <span class='ocrx_word' id='word_1_210' title='bbox 1568 1849 1670 1896; x_wconf 69' lang='lat' dir='ltr'>{eterno</span> <span class='ocrx_word' id='word_1_211' title='bbox 1681 1855 1763 1912; x_wconf 89' lang='lat' dir='ltr'>super</span> <span class='ocrx_word' id='word_1_212' title='bbox 1776 1847 1813 1894; x_wconf 86' lang='lat' dir='ltr'>te.</span> <span class='ocrx_word' id='word_1_213' title='bbox 1825 1839 1926 1895; x_wconf 84' lang='lat' dir='ltr'>Arnen.</span> 
     </span>
     <span class='ocr_line' id='line_1_16' title="bbox 340 1931 1973 2005; baseline 0.002 -18"><span class='ocrx_word' id='word_1_214' title='bbox 340 1933 407 2003; x_wconf 70' lang='lat' dir='ltr'>qaid</span> <span class='ocrx_word' id='word_1_215' title='bbox 432 1933 543 1988; x_wconf 84' lang='lat' dir='ltr'>dubitas</span> <span class='ocrx_word' id='word_1_216' title='bbox 561 1947 645 2003; x_wconf 89' lang='lat' dir='ltr'>super</span> <span class='ocrx_word' id='word_1_217' title='bbox 666 1931 694 1986; x_wconf 93' lang='lat' dir='ltr'>id</span> <span class='ocrx_word' id='word_1_218' title='bbox 721 1938 749 1986; x_wconf 88' lang='lat' dir='ltr'>et</span> <span class='ocrx_word' id='word_1_219' title='bbox 775 1932 855 2001; x_wconf 75' lang='lat' dir='ltr'>longe</span> <span class='ocrx_word' id='word_1_220' title='bbox 876 1931 974 1988; x_wconf 85' lang='lat' dir='ltr'>melius</span> <span class='ocrx_word' id='word_1_221' title='bbox 998 1931 1079 1987; x_wconf 88' lang='lat' dir='ltr'>nobis</span> <span class='ocrx_word' id='word_1_222' title='bbox 1102 1932 1130 1985; x_wconf 93' lang='lat' dir='ltr'>in</span> <span class='ocrx_word' id='word_1_223' title='bbox 1220 1936 1338 2005; x_wconf 75' lang='lat' dir='ltr'>Explicit</span> <span class='ocrx_word' id='word_1_224' title='bbox 1363 1933 1534 1991; x_wconf 73' lang='lat' dir='ltr'>Tractatitius</span> <span class='ocrx_word' id='word_1_225' title='bbox 1556 1934 1639 1989; x_wconf 81' lang='lat' dir='ltr'>iarius</span> <span class='ocrx_word' id='word_1_226' title='bbox 1664 1933 1868 2003; x_wconf 66' lang='lat' dir='ltr'>dependentia</span> <span class='ocrx_word' id='word_1_227' title='bbox 1894 1941 1920 1988; x_wconf 84' lang='lat' dir='ltr'>et</span> <span class='ocrx_word' id='word_1_228' title='bbox 1942 1933 1973 1991; x_wconf 79' lang='lat' dir='ltr'>da</span> 
     </span>
     <span class='ocr_line' id='line_1_17' title="bbox 340 2012 1974 2097; baseline 0 -17"><span class='ocrx_word' id='word_1_229' title='bbox 340 2024 470 2082; x_wconf 71' lang='lat' dir='ltr'>Crantore</span> <span class='ocrx_word' id='word_1_230' title='bbox 484 2026 553 2082; x_wconf 85' lang='lat' dir='ltr'>fieri.</span> <span class='ocrx_word' id='word_1_231' title='bbox 1144 2012 1166 2067; x_wconf 79' lang='grc' dir='ltr'>Β</span> <span class='ocrx_word' id='word_1_232' title='bbox 1181 2025 1291 2081; x_wconf 82' lang='lat' dir='ltr'>diuersis</span> <span class='ocrx_word' id='word_1_233' title='bbox 1306 2024 1494 2081; x_wconf 77' lang='lat' dir='ltr'>tentationibus</span> <span class='ocrx_word' id='word_1_234' title='bbox 1507 2027 1624 2096; x_wconf 79' lang='lat' dir='ltr'>relipiosi</span> <span class='ocrx_word' id='word_1_235' title='bbox 1640 2025 1792 2097; x_wconf 71' lang='lat' dir='ltr'>cuiusdam,</span> <span class='ocrx_word' id='word_1_236' title='bbox 1809 2041 1888 2096; x_wconf 83' lang='lat' dir='ltr'>quem</span> <span class='ocrx_word' id='word_1_237' title='bbox 1904 2024 1974 2080; x_wconf 76' lang='lat' dir='ltr'>aiter</span> 
     </span>
     <span class='ocr_line' id='line_1_18' title="bbox 377 2115 1755 2191; baseline 0.002 -21"><span class='ocrx_word' id='word_1_238' title='bbox 377 2116 430 2171; x_wconf 79' lang='lat' dir='ltr'>Sed</span> <span class='ocrx_word' id='word_1_239' title='bbox 459 2115 656 2175; x_wconf 79' lang='lat' dir='ltr'>interin1.dum</span> <span class='ocrx_word' id='word_1_240' title='bbox 682 2115 709 2170; x_wconf 89' lang='lat' dir='ltr'>iu</span> <span class='ocrx_word' id='word_1_241' title='bbox 729 2115 781 2171; x_wconf 88' lang='lat' dir='ltr'>ista</span> <span class='ocrx_word' id='word_1_242' title='bbox 803 2115 978 2185; x_wconf 89' lang='lat' dir='ltr'>corruptione</span> <span class='ocrx_word' id='word_1_243' title='bbox 999 2115 1127 2180; x_wconf 85' lang='lat' dir='ltr'>vivimus,</span> <span class='ocrx_word' id='word_1_244' title='bbox 1181 2119 1606 2191; x_wconf 79' lang='lat' dir='ltr'>retipiosusseneaeodemiiiaiio</span> <span class='ocrx_word' id='word_1_245' title='bbox 1618 2119 1755 2189; x_wconf 68' lang='lat' dir='ltr'>iasoromt.</span> 
     </span>
     <span class='ocr_line' id='line_1_19' title="bbox 339 2207 1128 2279; baseline -0.004 -16"><span class='ocrx_word' id='word_1_246' title='bbox 339 2210 515 2264; x_wconf 81' lang='lat' dir='ltr'>nioridandns</span> <span class='ocrx_word' id='word_1_247' title='bbox 538 2218 581 2265; x_wconf 85' lang='lat' dir='ltr'>est</span> <span class='ocrx_word' id='word_1_248' title='bbox 602 2209 693 2265; x_wconf 87' lang='lat' dir='ltr'>cordis</span> <span class='ocrx_word' id='word_1_249' title='bbox 717 2207 824 2271; x_wconf 88' lang='lat' dir='ltr'>oculus,</span> <span class='ocrx_word' id='word_1_250' title='bbox 840 2223 894 2277; x_wconf 86' lang='lat' dir='ltr'>quo</span> <span class='ocrx_word' id='word_1_251' title='bbox 914 2216 981 2263; x_wconf 89' lang='lat' dir='ltr'>tunc</span> <span class='ocrx_word' id='word_1_252' title='bbox 998 2209 1079 2279; x_wconf 90' lang='lat' dir='ltr'>plane</span> <span class='ocrx_word' id='word_1_253' title='bbox 1100 2215 1128 2263; x_wconf 89' lang='lat' dir='ltr'>et</span> 
     </span>
    </p>
   </div>
   <div class='ocr_carea' id='block_1_3' title="bbox 440 2584 1695 2706">
    <p class='ocr_par' dir='ltr' id='par_1_3' title="bbox 440 2584 1695 2706">
     <span class='ocr_line' id='line_1_20' title="bbox 440 2584 1695 2706; baseline -0.001 0"><span class='ocrx_word' id='word_1_254' title='bbox 440 2584 452 2613; x_wconf 82' lang='grc'>’</span> <span class='ocrx_word' id='word_1_255' title='bbox 618 2587 1058 2706; x_wconf 64' lang='lat' dir='ltr'>anonam</span> <span class='ocrx_word' id='word_1_256' title='bbox 1093 2588 1695 2705; x_wconf 62' lang='lat' dir='ltr'>nummulorum!</span> 
     </span>
    </p>
   </div>
   <div class='ocr_carea' id='block_1_4' title="bbox 857 2801 1441 2880">
    <p class='ocr_par' dir='ltr' id='par_1_4' title="bbox 857 2801 1441 2880">
     <span class='ocr_line' id='line_1_21' title="bbox 857 2801 1441 2880; baseline 0 -15"><span class='ocrx_word' id='word_1_257' title='bbox 857 2803 921 2880; x_wconf 88' lang='lat' dir='ltr'>Qui</span> <span class='ocrx_word' id='word_1_258' title='bbox 940 2801 1060 2865; x_wconf 84' lang='lat' dir='ltr'>smculo</span> <span class='ocrx_word' id='word_1_259' title='bbox 1076 2821 1122 2864; x_wconf 85' lang='lat' dir='ltr'>xri</span> <span class='ocrx_word' id='word_1_260' title='bbox 1139 2801 1292 2865; x_wconf 88' lang='lat' dir='ltr'>iioruisse</span> <span class='ocrx_word' id='word_1_261' title='bbox 1311 2802 1441 2866; x_wconf 87' lang='lat' dir='ltr'>videtur</span> 
     </span>
    </p>
   </div>
   <div class='ocr_carea' id='block_1_5' title="bbox 658 2991 1649 3170">
    <p class='ocr_par' dir='ltr' id='par_1_5' title="bbox 658 2991 1649 3170">
     <span class='ocr_line' id='line_1_22' title="bbox 658 2991 1649 3170; baseline 0 -64"><span class='ocrx_word' id='word_1_262' title='bbox 658 2991 995 3170; x_wconf 70' lang='lat' dir='ltr'>trontius</span> <span class='ocrx_word' id='word_1_263' title='bbox 1034 2992 1125 3104; x_wconf 85' lang='lat' dir='ltr'>DE</span> <span class='ocrx_word' id='word_1_264' title='bbox 1165 2991 1649 3106; x_wconf 77' lang='lat' dir='ltr'>CONSClENTlA</span> 
     </span>
    </p>
   </div>
   <div class='ocr_carea' id='block_1_6' title="bbox 340 3213 1963 3360">
    <p class='ocr_par' dir='ltr' id='par_1_6' title="bbox 340 3213 1963 3360">
     <span class='ocr_line' id='line_1_23' title="bbox 340 3213 1963 3292; baseline 0.004 -19"><span class='ocrx_word' id='word_1_265' title='bbox 340 3216 383 3292; x_wconf 82' lang='lat' dir='ltr'>(o.</span> <span class='ocrx_word' id='word_1_266' title='bbox 397 3217 478 3274; x_wconf 81' lang='lat' dir='ltr'>Bera.</span> <span class='ocrx_word' id='word_1_267' title='bbox 495 3214 605 3283; x_wconf 81' lang='lat' dir='ltr'>Psaros,</span> <span class='ocrx_word' id='word_1_268' title='bbox 621 3213 809 3272; x_wconf 73' lang='lat' dir='ltr'>Bibliothecae</span> <span class='ocrx_word' id='word_1_269' title='bbox 833 3226 914 3270; x_wconf 84' lang='lat' dir='ltr'>ascet.</span> <span class='ocrx_word' id='word_1_270' title='bbox 942 3216 1142 3283; x_wconf 81' lang='lat' dir='ltr'>antiqua-noua,</span> <span class='ocrx_word' id='word_1_271' title='bbox 1162 3214 1330 3279; x_wconf 81' lang='lat' dir='ltr'>Ratisbonae,</span> <span class='ocrx_word' id='word_1_272' title='bbox 1353 3215 1434 3283; x_wconf 68' lang='lat' dir='ltr'>liii,</span> <span class='ocrx_word' id='word_1_273' title='bbox 1447 3225 1513 3274; x_wconf 90' lang='lat' dir='ltr'>tom.</span> <span class='ocrx_word' id='word_1_274' title='bbox 1530 3215 1575 3286; x_wconf 81' lang='lat' dir='ltr'>rt,</span> <span class='ocrx_word' id='word_1_275' title='bbox 1590 3233 1618 3290; x_wconf 91' lang='lat' dir='ltr'>p.</span> <span class='ocrx_word' id='word_1_276' title='bbox 1634 3233 1712 3284; x_wconf 76' lang='lat' dir='ltr'>uir,</span> <span class='ocrx_word' id='word_1_277' title='bbox 1730 3232 1765 3275; x_wconf 83' lang='lat' dir='ltr'>ex</span> <span class='ocrx_word' id='word_1_278' title='bbox 1778 3235 1832 3278; x_wconf 87' lang='lat' dir='ltr'>ms.</span> <span class='ocrx_word' id='word_1_279' title='bbox 1847 3219 1909 3279; x_wconf 87' lang='lat' dir='ltr'>eod.</span> <span class='ocrx_word' id='word_1_280' title='bbox 1923 3221 1963 3278; x_wconf 83' lang='lat' dir='ltr'>iri·</span> 
     </span>
     <span class='ocr_line' id='line_1_24' title="bbox 984 3282 1330 3360; baseline 0.003 -19"><span class='ocrx_word' id='word_1_281' title='bbox 984 3282 1129 3343; x_wconf 80' lang='lat' dir='ltr'>hliotlrecae</span> <span class='ocrx_word' id='word_1_282' title='bbox 1144 3285 1330 3360; x_wconf 77' lang='lat' dir='ltr'>Mullicensis.)</span> 
     </span>
    </p>
   </div>
   <div class='ocr_carea' id='block_1_7' title="bbox 237 3340 1160 3630">
    <p class='ocr_par' dir='ltr' id='par_1_7' title="bbox 237 3330 1160 3630">
     <span class='ocr_line' id='line_1_25' title="bbox 237 3340 1160 3630; baseline 0 -145"><span class='ocrx_word' id='word_1_283' title='bbox 237 3340 351 3539; x_wconf 53' lang='lat' dir='ltr'>a.»</span> <span class='ocrx_word' id='word_1_284' title='bbox 688 3621 692 3630; x_wconf 16' lang='grc' dir='ltr'>Ι</span> <span class='ocrx_word' id='word_1_285' title='bbox 1125 3474 1160 3485; x_wconf 81' lang='grc'>-</span> 
     </span>
    </p>
   </div>
   <div class='ocr_carea' id='block_1_8' title="bbox 992 3614 1304 3711">
    <p class='ocr_par' dir='ltr' id='par_1_8' title="bbox 992 3614 1304 3711">
     <span class='ocr_line' id='line_1_26' title="bbox 992 3614 1304 3711; baseline -0.01 -3"><span class='ocrx_word' id='word_1_286' title='bbox 992 3614 1304 3711; x_wconf 86' lang='lat' dir='ltr'>MONlTUill.</span> 
     </span>
    </p>
   </div>
   <div class='ocr_carea' id='block_1_9' title="bbox 336 3951 1961 4465">
    <p class='ocr_par' dir='ltr' id='par_1_9' title="bbox 336 3951 1961 4465">
     <span class='ocr_line' id='line_1_27' title="bbox 373 3951 1960 4041; baseline -0.001 -17"><span class='ocrx_word' id='word_1_287' title='bbox 373 3968 411 4024; x_wconf 83' lang='lat' dir='ltr'>lle</span> <span class='ocrx_word' id='word_1_288' title='bbox 422 3967 557 4041; x_wconf 74' lang='lat' dir='ltr'>Anonymi</span> <span class='ocrx_word' id='word_1_289' title='bbox 574 3966 667 4038; x_wconf 80' lang='lat' dir='ltr'>hrrjus,</span> <span class='ocrx_word' id='word_1_290' title='bbox 682 3968 794 4023; x_wconf 90' lang='lat' dir='ltr'>minime</span> <span class='ocrx_word' id='word_1_291' title='bbox 809 3968 922 4031; x_wconf 86' lang='lat' dir='ltr'>inliceti,</span> <span class='ocrx_word' id='word_1_292' title='bbox 939 3966 1080 4038; x_wconf 85' lang='lat' dir='ltr'>Opusculo</span> <span class='ocrx_word' id='word_1_293' title='bbox 1095 3969 1164 4026; x_wconf 84' lang='lat' dir='ltr'>nilril</span> <span class='ocrx_word' id='word_1_294' title='bbox 1178 3969 1253 4025; x_wconf 84' lang='lat' dir='ltr'>atiud</span> <span class='ocrx_word' id='word_1_295' title='bbox 1268 3982 1341 4026; x_wconf 89' lang='lat' dir='ltr'>nunc</span> <span class='ocrx_word' id='word_1_296' title='bbox 1356 3951 1558 4038; x_wconf 61' lang='lat' dir='ltr'>dicerdhaheo,</span> <span class='ocrx_word' id='word_1_297' title='bbox 1575 3976 1656 4037; x_wconf 86' lang='lat' dir='ltr'>quam</span> <span class='ocrx_word' id='word_1_298' title='bbox 1671 3967 1743 4037; x_wconf 80' lang='lat' dir='ltr'>quod</span> <span class='ocrx_word' id='word_1_299' title='bbox 1759 3962 1818 4036; x_wconf 82' lang='lat' dir='ltr'>jam</span> <span class='ocrx_word' id='word_1_300' title='bbox 1835 3967 1871 4024; x_wconf 86' lang='lat' dir='ltr'>ad</span> <span class='ocrx_word' id='word_1_301' title='bbox 1886 3967 1960 4024; x_wconf 85' lang='lat' dir='ltr'>libel·</span> 
     </span>
     <span class='ocr_line' id='line_1_28' title="bbox 338 4037 1960 4110; baseline 0.005 -15"><span class='ocrx_word' id='word_1_302' title='bbox 338 4041 394 4096; x_wconf 88' lang='lat' dir='ltr'>lum</span> <span class='ocrx_word' id='word_1_303' title='bbox 407 4038 446 4094; x_wconf 85' lang='lat' dir='ltr'>De</span> <span class='ocrx_word' id='word_1_304' title='bbox 458 4040 611 4109; x_wconf 79' lang='lat' dir='ltr'>paenitentia</span> <span class='ocrx_word' id='word_1_305' title='bbox 625 4040 731 4110; x_wconf 85' lang='lat' dir='ltr'>(supra,</span> <span class='ocrx_word' id='word_1_306' title='bbox 743 4040 796 4095; x_wconf 87' lang='lat' dir='ltr'>eol.</span> <span class='ocrx_word' id='word_1_307' title='bbox 811 4039 874 4110; x_wconf 75' lang='lat'><strong>863)</strong></span> <span class='ocrx_word' id='word_1_308' title='bbox 891 4043 1112 4096; x_wconf 87' lang='lat' dir='ltr'>commemoravi.</span> <span class='ocrx_word' id='word_1_309' title='bbox 1127 4040 1219 4096; x_wconf 85' lang='lat' dir='ltr'>Codex</span> <span class='ocrx_word' id='word_1_310' title='bbox 1238 4038 1401 4097; x_wconf 84' lang='lat' dir='ltr'>llellicensis</span> <span class='ocrx_word' id='word_1_311' title='bbox 1423 4038 1627 4101; x_wconf 83' lang='lat' dir='ltr'>membraneus,</span> <span class='ocrx_word' id='word_1_312' title='bbox 1654 4039 1726 4094; x_wconf 74' lang='lat' dir='ltr'>unde</span> <span class='ocrx_word' id='word_1_313' title='bbox 1749 4037 1776 4092; x_wconf 70' lang='lat' dir='ltr'>ld</span> <span class='ocrx_word' id='word_1_314' title='bbox 1792 4043 1960 4110; x_wconf 83' lang='lat' dir='ltr'>exprompsi,</span> 
     </span>
     <span class='ocr_line' id='line_1_29' title="bbox 337 4103 1961 4182; baseline -0.002 -16"><span class='ocrx_word' id='word_1_315' title='bbox 337 4111 468 4166; x_wconf 82' lang='lat' dir='ltr'>trecentis</span> <span class='ocrx_word' id='word_1_316' title='bbox 482 4110 581 4166; x_wconf 83' lang='lat' dir='ltr'>abhinc</span> <span class='ocrx_word' id='word_1_317' title='bbox 595 4110 687 4173; x_wconf 88' lang='lat' dir='ltr'>armis,</span> <span class='ocrx_word' id='word_1_318' title='bbox 704 4117 730 4163; x_wconf 91' lang='lat' dir='ltr'>et</span> <span class='ocrx_word' id='word_1_319' title='bbox 745 4107 855 4179; x_wconf 89' lang='lat' dir='ltr'>quidem</span> <span class='ocrx_word' id='word_1_320' title='bbox 868 4124 998 4177; x_wconf 81' lang='lat' dir='ltr'>perqrram</span> <span class='ocrx_word' id='word_1_321' title='bbox 1012 4109 1148 4181; x_wconf 79' lang='lat' dir='ltr'>flagitiose</span> <span class='ocrx_word' id='word_1_322' title='bbox 1158 4122 1286 4167; x_wconf 79' lang='lat' dir='ltr'>exaratus</span> <span class='ocrx_word' id='word_1_323' title='bbox 1301 4117 1354 4172; x_wconf 88' lang='lat' dir='ltr'>est,</span> <span class='ocrx_word' id='word_1_324' title='bbox 1367 4107 1446 4178; x_wconf 84' lang='lat' dir='ltr'>cujus</span> <span class='ocrx_word' id='word_1_325' title='bbox 1459 4111 1556 4165; x_wconf 85' lang='lat' dir='ltr'>menda</span> <span class='ocrx_word' id='word_1_326' title='bbox 1568 4109 1659 4165; x_wconf 87' lang='lat' dir='ltr'>onmia</span> <span class='ocrx_word' id='word_1_327' title='bbox 1672 4103 1730 4164; x_wconf 84' lang='lat' dir='ltr'>sine</span> <span class='ocrx_word' id='word_1_328' title='bbox 1741 4109 1828 4164; x_wconf 86' lang='lat' dir='ltr'>altero</span> <span class='ocrx_word' id='word_1_329' title='bbox 1838 4109 1961 4182; x_wconf 85' lang='lat' dir='ltr'>exemplo</span> 
     </span>
     <span class='ocr_line' id='line_1_30' title="bbox 338 4177 1959 4252; baseline 0.001 -18"><span class='ocrx_word' id='word_1_330' title='bbox 338 4195 486 4252; x_wconf 85' lang='lat' dir='ltr'>persanare</span> <span class='ocrx_word' id='word_1_331' title='bbox 497 4180 569 4234; x_wconf 88' lang='lat' dir='ltr'>haud</span> <span class='ocrx_word' id='word_1_332' title='bbox 581 4179 668 4233; x_wconf 91' lang='lat' dir='ltr'>licuit.</span> <span class='ocrx_word' id='word_1_333' title='bbox 687 4177 857 4250; x_wconf 86' lang='lat' dir='ltr'>Dispescitur</span> <span class='ocrx_word' id='word_1_334' title='bbox 871 4177 977 4233; x_wconf 86' lang='lat' dir='ltr'>libellus</span> <span class='ocrx_word' id='word_1_335' title='bbox 990 4180 1018 4233; x_wconf 93' lang='lat' dir='ltr'>in</span> <span class='ocrx_word' id='word_1_336' title='bbox 1033 4181 1102 4237; x_wconf 88' lang='lat' dir='ltr'>duas</span> <span class='ocrx_word' id='word_1_337' title='bbox 1116 4192 1217 4250; x_wconf 85' lang='lat' dir='ltr'>partes,</span> <span class='ocrx_word' id='word_1_338' title='bbox 1230 4197 1345 4251; x_wconf 85' lang='lat' dir='ltr'>quarum</span> <span class='ocrx_word' id='word_1_339' title='bbox 1359 4181 1435 4246; x_wconf 86' lang='lat' dir='ltr'>prior</span> <span class='ocrx_word' id='word_1_340' title='bbox 1447 4196 1461 4234; x_wconf 88' lang='lat' dir='ltr'>a</span> <span class='ocrx_word' id='word_1_341' title='bbox 1473 4182 1558 4250; x_wconf 83' lang='lat' dir='ltr'>capi</span> <span class='ocrx_word' id='word_1_342' title='bbox 1575 4196 1660 4251; x_wconf 75' lang='lat' dir='ltr'>usque</span> <span class='ocrx_word' id='word_1_343' title='bbox 1673 4181 1690 4235; x_wconf 86' lang='grc'><strong>6</strong></span> <span class='ocrx_word' id='word_1_344' title='bbox 1705 4179 1738 4234; x_wconf 92' lang='lat' dir='ltr'>de</span> <span class='ocrx_word' id='word_1_345' title='bbox 1754 4180 1833 4236; x_wconf 81' lang='lat' dir='ltr'>uario</span> <span class='ocrx_word' id='word_1_346' title='bbox 1846 4186 1920 4236; x_wconf 88' lang='lat' dir='ltr'>statu</span> <span class='ocrx_word' id='word_1_347' title='bbox 1934 4187 1959 4235; x_wconf 86' lang='lat' dir='ltr'>et</span> 
     </span>
     <span class='ocr_line' id='line_1_31' title="bbox 339 4249 1959 4322; baseline 0 -17"><span class='ocrx_word' id='word_1_348' title='bbox 339 4250 618 4306; x_wconf 80' lang='lat' dir='ltr'>allectionelrunraoae</span> <span class='ocrx_word' id='word_1_349' title='bbox 630 4250 805 4304; x_wconf 75' lang='lat' dir='ltr'>conscientie</span> <span class='ocrx_word' id='word_1_350' title='bbox 824 4249 964 4305; x_wconf 87' lang='lat' dir='ltr'>succincte</span> <span class='ocrx_word' id='word_1_351' title='bbox 976 4258 1004 4303; x_wconf 91' lang='lat' dir='ltr'>et</span> <span class='ocrx_word' id='word_1_352' title='bbox 1015 4259 1096 4306; x_wconf 80' lang='lat' dir='ltr'>ecrite</span> <span class='ocrx_word' id='word_1_353' title='bbox 1112 4252 1167 4322; x_wconf 76' lang='lat' dir='ltr'>agit</span> <span class='ocrx_word' id='word_1_354' title='bbox 1182 4253 1352 4320; x_wconf 87' lang='lat' dir='ltr'>interpositis</span> <span class='ocrx_word' id='word_1_355' title='bbox 1369 4252 1511 4308; x_wconf 88' lang='lat' dir='ltr'>nonnuliis</span> <span class='ocrx_word' id='word_1_356' title='bbox 1525 4254 1643 4322; x_wconf 78' lang='lat' dir='ltr'>gnomis.</span> <span class='ocrx_word' id='word_1_357' title='bbox 1657 4251 1802 4321; x_wconf 85' lang='lat' dir='ltr'>prudentia</span> <span class='ocrx_word' id='word_1_358' title='bbox 1820 4262 1848 4307; x_wconf 88' lang='lat' dir='ltr'>et</span> <span class='ocrx_word' id='word_1_359' title='bbox 1862 4251 1959 4322; x_wconf 76' lang='lat' dir='ltr'>pietate</span> 
     </span>
     <span class='ocr_line' id='line_1_32' title="bbox 338 4320 1958 4394; baseline 0.001 -20"><span class='ocrx_word' id='word_1_360' title='bbox 338 4320 525 4393; x_wconf 87' lang='lat' dir='ltr'>plenissimis;</span> <span class='ocrx_word' id='word_1_361' title='bbox 541 4321 679 4392; x_wconf 83' lang='lat' dir='ltr'>posterior</span> <span class='ocrx_word' id='word_1_362' title='bbox 695 4336 759 4392; x_wconf 88' lang='lat' dir='ltr'>pars</span> <span class='ocrx_word' id='word_1_363' title='bbox 778 4321 807 4376; x_wconf 92' lang='lat' dir='ltr'>in</span> <span class='ocrx_word' id='word_1_364' title='bbox 831 4320 1021 4390; x_wconf 80' lang='lat' dir='ltr'>capitationem</span> <span class='ocrx_word' id='word_1_365' title='bbox 1034 4332 1193 4379; x_wconf 85' lang='lat' dir='ltr'>nostrarum</span> <span class='ocrx_word' id='word_1_366' title='bbox 1210 4325 1366 4381; x_wconf 86' lang='lat' dir='ltr'>rationibus</span> <span class='ocrx_word' id='word_1_367' title='bbox 1383 4330 1410 4380; x_wconf 88' lang='lat' dir='ltr'>et</span> <span class='ocrx_word' id='word_1_368' title='bbox 1427 4324 1526 4389; x_wconf 91' lang='lat' dir='ltr'>modis,</span> <span class='ocrx_word' id='word_1_369' title='bbox 1551 4340 1613 4394; x_wconf 79' lang='lat' dir='ltr'>que</span> <span class='ocrx_word' id='word_1_370' title='bbox 1626 4339 1671 4380; x_wconf 89' lang='lat' dir='ltr'>res</span> <span class='ocrx_word' id='word_1_371' title='bbox 1686 4325 1714 4379; x_wconf 89' lang='lat' dir='ltr'>in</span> <span class='ocrx_word' id='word_1_372' title='bbox 1729 4322 1820 4379; x_wconf 80' lang='lat' dir='ltr'>ascesi</span> <span class='ocrx_word' id='word_1_373' title='bbox 1836 4321 1958 4378; x_wconf 88' lang='lat' dir='ltr'>omnium</span> 
     </span>
     <span class='ocr_line' id='line_1_33' title="bbox 336 4392 764 4465; baseline 0.005 -19"><span class='ocrx_word' id='word_1_374' title='bbox 336 4392 544 4465; x_wconf 77' lang='lat' dir='ltr'>perplexissima</span> <span class='ocrx_word' id='word_1_375' title='bbox 560 4400 612 4459; x_wconf 84' lang='lat' dir='ltr'>est,</span> <span class='ocrx_word' id='word_1_376' title='bbox 628 4400 764 4448; x_wconf 85' lang='lat' dir='ltr'>uersatur.</span> 
     </span>
    </p>
   </div>
   <div class='ocr_carea' id='block_1_10' title="bbox 319 4556 1955 4590">
    <p class='ocr_par' dir='ltr' id='par_1_10' title="bbox 319 4556 1955 4590">
     <span class='ocr_line' id='line_1_34' title="bbox 319 4556 1955 4590; baseline 0 -4"><span class='ocrx_word' id='word_1_377' title='bbox 319 4570 321 4574; x_wconf 68' lang='lat'>,</span> <span class='ocrx_word' id='word_1_378' title='bbox 339 4556 1955 4590; x_wconf 44' lang='lat' dir='ltr'>mmm-...u</span> 
     </span>
    </p>
   </div>
   <div class='ocr_carea' id='block_1_11' title="bbox 703 4698 1580 4810">
    <p class='ocr_par' dir='ltr' id='par_1_11' title="bbox 703 4698 1580 4810">
     <span class='ocr_line' id='line_1_35' title="bbox 703 4698 1580 4810; baseline 0.01 -8"><span class='ocrx_word' id='word_1_379' title='bbox 703 4715 996 4806; x_wconf 82' lang='lat' dir='ltr'>LlBELLUS</span> <span class='ocrx_word' id='word_1_380' title='bbox 1046 4698 1580 4810; x_wconf 77' lang='lat' dir='ltr'>uu&#39;uon’scturtrtn.</span> 
     </span>
    </p>
   </div>
   <div class='ocr_carea' id='block_1_12' title="bbox 331 5054 1954 6068">
    <p class='ocr_par' dir='ltr' id='par_1_12' title="bbox 331 5054 1954 6068">
     <span class='ocr_line' id='line_1_36' title="bbox 627 5054 1954 5146; baseline 0.015 -34"><span class='ocrx_word' id='word_1_381' title='bbox 627 5054 822 5114; x_wconf 80' lang='lat' dir='ltr'><strong>PROLOGUS.</strong></span> <span class='ocrx_word' id='word_1_382' title='bbox 1131 5063 1227 5127; x_wconf 81' lang='lat' dir='ltr'>cotia,</span> <span class='ocrx_word' id='word_1_383' title='bbox 1252 5071 1276 5115; x_wconf 85' lang='lat' dir='ltr'>et</span> <span class='ocrx_word' id='word_1_384' title='bbox 1303 5062 1347 5133; x_wconf 85' lang='lat' dir='ltr'>qui</span> <span class='ocrx_word' id='word_1_385' title='bbox 1372 5062 1519 5119; x_wconf 86' lang='lat' dir='ltr'>minoratur</span> <span class='ocrx_word' id='word_1_386' title='bbox 1543 5076 1604 5120; x_wconf 79' lang='lat' dir='ltr'>osta</span> <span class='ocrx_word' id='word_1_387' title='bbox 1627 5072 1750 5136; x_wconf 83' lang='lat' dir='ltr'>aercipiet</span> <span class='ocrx_word' id='word_1_388' title='bbox 1777 5087 1837 5127; x_wconf 84' lang='lat' dir='ltr'>eaor</span> <span class='ocrx_word' id='word_1_389' title='bbox 1860 5073 1954 5146; x_wconf 74' lang='lat' dir='ltr'>(Ereti.</span> 
     </span>
     <span class='ocr_line' id='line_1_37' title="bbox 367 5145 1954 5232; baseline 0.013 -30"><span class='ocrx_word' id='word_1_390' title='bbox 367 5146 444 5204; x_wconf 83' lang='lat' dir='ltr'>Petis</span> <span class='ocrx_word' id='word_1_391' title='bbox 462 5160 546 5208; x_wconf 82' lang='lat' dir='ltr'>ame,</span> <span class='ocrx_word' id='word_1_392' title='bbox 557 5145 655 5202; x_wconf 86' lang='lat' dir='ltr'>dilecte</span> <span class='ocrx_word' id='word_1_393' title='bbox 672 5147 719 5215; x_wconf 82' lang='lat' dir='ltr'>mi,</span> <span class='ocrx_word' id='word_1_394' title='bbox 734 5148 805 5219; x_wconf 87' lang='lat' dir='ltr'>quod</span> <span class='ocrx_word' id='word_1_395' title='bbox 816 5161 898 5220; x_wconf 86' lang='lat' dir='ltr'>supra</span> <span class='ocrx_word' id='word_1_396' title='bbox 913 5165 968 5216; x_wconf 91' lang='lat' dir='ltr'>me,</span> <span class='ocrx_word' id='word_1_397' title='bbox 986 5150 1042 5206; x_wconf 89' lang='lat' dir='ltr'>imo</span> <span class='ocrx_word' id='word_1_398' title='bbox 1051 5166 1119 5207; x_wconf 91' lang='lat' dir='ltr'>con·</span> <span class='ocrx_word' id='word_1_399' title='bbox 1169 5152 1296 5222; x_wconf 76' lang='lat' dir='ltr'>xxxviii).</span> <span class='ocrx_word' id='word_1_400' title='bbox 1314 5150 1506 5210; x_wconf 82' lang='lat' dir='ltr'>Verumtamen</span> <span class='ocrx_word' id='word_1_401' title='bbox 1523 5157 1586 5221; x_wconf 89' lang='lat' dir='ltr'>etsi,</span> <span class='ocrx_word' id='word_1_402' title='bbox 1613 5174 1668 5214; x_wconf 91' lang='lat' dir='ltr'>non</span> <span class='ocrx_word' id='word_1_403' title='bbox 1688 5176 1732 5225; x_wconf 92' lang='lat' dir='ltr'>eo,</span> <span class='ocrx_word' id='word_1_404' title='bbox 1757 5163 1830 5232; x_wconf 87' lang='lat' dir='ltr'>quod</span> <span class='ocrx_word' id='word_1_405' title='bbox 1849 5165 1954 5222; x_wconf 81' lang='lat' dir='ltr'>anricus</span> 
     </span>
     <span class='ocr_line' id='line_1_38' title="bbox 333 5236 1954 5328; baseline 0.013 -35"><span class='ocrx_word' id='word_1_406' title='bbox 333 5245 376 5294; x_wconf 94' lang='lat' dir='ltr'>tra</span> <span class='ocrx_word' id='word_1_407' title='bbox 388 5253 431 5293; x_wconf 93' lang='lat' dir='ltr'>me</span> <span class='ocrx_word' id='word_1_408' title='bbox 441 5244 493 5301; x_wconf 89' lang='lat' dir='ltr'>est,</span> <span class='ocrx_word' id='word_1_409' title='bbox 507 5236 731 5294; x_wconf 78' lang='lat' dir='ltr'>videlicetlumen</span> <span class='ocrx_word' id='word_1_410' title='bbox 743 5240 874 5306; x_wconf 76' lang='lat' dir='ltr'>scientie,</span> <span class='ocrx_word' id='word_1_411' title='bbox 888 5242 1120 5314; x_wconf 79' lang='lat' dir='ltr'>eonscientiaepu·</span> <span class='ocrx_word' id='word_1_412' title='bbox 1169 5261 1210 5306; x_wconf 84' lang='lat' dir='ltr'>es,</span> <span class='ocrx_word' id='word_1_413' title='bbox 1238 5253 1328 5301; x_wconf 88' lang='lat' dir='ltr'>tamen</span> <span class='ocrx_word' id='word_1_414' title='bbox 1348 5247 1413 5315; x_wconf 86' lang='lat' dir='ltr'>quia</span> <span class='ocrx_word' id='word_1_415' title='bbox 1426 5247 1599 5317; x_wconf 88' lang='lat' dir='ltr'>importunus</span> <span class='ocrx_word' id='word_1_416' title='bbox 1620 5266 1661 5316; x_wconf 86' lang='lat' dir='ltr'>es,</span> <span class='ocrx_word' id='word_1_417' title='bbox 1686 5252 1765 5322; x_wconf 76' lang='lat' dir='ltr'>iuxta</span> <span class='ocrx_word' id='word_1_418' title='bbox 1789 5264 1954 5328; x_wconf 70' lang='lat' dir='ltr'>preceptum</span> 
     </span>
     <span class='ocr_line' id='line_1_39' title="bbox 332 5325 1954 5412; baseline 0.013 -28"><span class='ocrx_word' id='word_1_419' title='bbox 332 5328 452 5384; x_wconf 85' lang='lat' dir='ltr'>ritatem.</span> <span class='ocrx_word' id='word_1_420' title='bbox 464 5325 493 5383; x_wconf 90' lang='lat' dir='ltr'>ln</span> <span class='ocrx_word' id='word_1_421' title='bbox 508 5335 625 5398; x_wconf 84' lang='lat' dir='ltr'>utroque</span> <span class='ocrx_word' id='word_1_422' title='bbox 640 5328 753 5398; x_wconf 87' lang='lat' dir='ltr'>ialleris,</span> <span class='ocrx_word' id='word_1_423' title='bbox 765 5332 813 5389; x_wconf 83' lang='lat' dir='ltr'>sed</span> <span class='ocrx_word' id='word_1_424' title='bbox 824 5333 880 5389; x_wconf 87' lang='lat' dir='ltr'>ialli</span> <span class='ocrx_word' id='word_1_425' title='bbox 891 5350 946 5390; x_wconf 87' lang='lat' dir='ltr'>non</span> <span class='ocrx_word' id='word_1_426' title='bbox 959 5336 1065 5403; x_wconf 86' lang='lat' dir='ltr'>credis;</span> <span class='ocrx_word' id='word_1_427' title='bbox 1080 5337 1119 5390; x_wconf 84' lang='lat' dir='ltr'>ita</span> <span class='ocrx_word' id='word_1_428' title='bbox 1168 5335 1289 5402; x_wconf 83' lang='lat' dir='ltr'>Domini,</span> <span class='ocrx_word' id='word_1_429' title='bbox 1305 5337 1438 5410; x_wconf 81' lang='lat' dir='ltr'>(surgam)</span> <span class='ocrx_word' id='word_1_430' title='bbox 1452 5347 1479 5395; x_wconf 92' lang='lat' dir='ltr'>et</span> <span class='ocrx_word' id='word_1_431' title='bbox 1499 5339 1580 5405; x_wconf 80' lang='lat' dir='ltr'>daia,</span> <span class='ocrx_word' id='word_1_432' title='bbox 1602 5343 1675 5412; x_wconf 86' lang='lat' dir='ltr'>quod</span> <span class='ocrx_word' id='word_1_433' title='bbox 1694 5344 1743 5400; x_wconf 81' lang='lat' dir='ltr'>titi</span> <span class='ocrx_word' id='word_1_434' title='bbox 1766 5350 1954 5405; x_wconf 81' lang='lat' dir='ltr'>necessarium</span> 
     </span>
     <span class='ocr_line' id='line_1_40' title="bbox 333 5420 1954 5567; baseline 0.011 -91"><span class='ocrx_word' id='word_1_435' title='bbox 333 5420 536 5567; x_wconf 54' lang='lat' dir='ltr'>reldilectiotp</span> <span class='ocrx_word' id='word_1_436' title='bbox 551 5435 611 5477; x_wconf 87' lang='lat' dir='ltr'>mea</span> <span class='ocrx_word' id='word_1_437' title='bbox 626 5422 747 5492; x_wconf 78' lang='lat' dir='ltr'>tangeris</span> <span class='ocrx_word' id='word_1_438' title='bbox 762 5424 804 5479; x_wconf 87' lang='lat' dir='ltr'>rei</span> <span class='ocrx_word' id='word_1_439' title='bbox 821 5425 958 5496; x_wconf 87' lang='lat' dir='ltr'>opinione.</span> <span class='ocrx_word' id='word_1_440' title='bbox 978 5425 1120 5496; x_wconf 77' lang='lat' dir='ltr'>Egonovi,</span> <span class='ocrx_word' id='word_1_441' title='bbox 1169 5437 1221 5492; x_wconf 91' lang='lat' dir='ltr'>est,</span> <span class='ocrx_word' id='word_1_442' title='bbox 1241 5430 1263 5483; x_wconf 92' lang='lat' dir='ltr'>si</span> <span class='ocrx_word' id='word_1_443' title='bbox 1286 5429 1353 5499; x_wconf 83' lang='lat' dir='ltr'>quid</span> <span class='ocrx_word' id='word_1_444' title='bbox 1367 5428 1433 5482; x_wconf 81' lang='lat' dir='ltr'>inihi</span> <span class='ocrx_word' id='word_1_445' title='bbox 1448 5428 1482 5483; x_wconf 90' lang='lat' dir='ltr'>ad</span> <span class='ocrx_word' id='word_1_446' title='bbox 1495 5445 1605 5486; x_wconf 86' lang='lat' dir='ltr'>manum</span> <span class='ocrx_word' id='word_1_447' title='bbox 1629 5433 1744 5491; x_wconf 83' lang='lat' dir='ltr'>venerit.</span> <span class='ocrx_word' id='word_1_448' title='bbox 1773 5432 1889 5492; x_wconf 80' lang='lat' dir='ltr'>Triltuat</span> <span class='ocrx_word' id='word_1_449' title='bbox 1907 5439 1954 5494; x_wconf 83' lang='lat' dir='ltr'>out</span> 
     </span>
     <span class='ocr_line' id='line_1_41' title="bbox 332 5513 1954 5606; baseline 0.012 -38"><span class='ocrx_word' id='word_1_450' title='bbox 332 5513 398 5585; x_wconf 80' lang='lat' dir='ltr'>quid</span> <span class='ocrx_word' id='word_1_451' title='bbox 423 5513 486 5578; x_wconf 92' lang='lat' dir='ltr'>sim,</span> <span class='ocrx_word' id='word_1_452' title='bbox 507 5528 523 5568; x_wconf 88' lang='lat' dir='ltr'>e</span> <span class='ocrx_word' id='word_1_453' title='bbox 549 5513 899 5587; x_wconf 74' lang='lat' dir='ltr'>quidpossin13peecator</span> <span class='ocrx_word' id='word_1_454' title='bbox 921 5517 993 5574; x_wconf 90' lang='lat' dir='ltr'>enim</span> <span class='ocrx_word' id='word_1_455' title='bbox 1016 5525 1122 5574; x_wconf 85' lang='lat' dir='ltr'>sumet</span> <span class='ocrx_word' id='word_1_456' title='bbox 1168 5518 1302 5577; x_wconf 83' lang='lat' dir='ltr'>Dominus</span> <span class='ocrx_word' id='word_1_457' title='bbox 1319 5522 1468 5578; x_wconf 89' lang='lat' dir='ltr'>secundum</span> <span class='ocrx_word' id='word_1_458' title='bbox 1481 5538 1530 5579; x_wconf 89' lang='lat' dir='ltr'>cor</span> <span class='ocrx_word' id='word_1_459' title='bbox 1544 5531 1630 5582; x_wconf 90' lang='lat' dir='ltr'>tuum.</span> <span class='ocrx_word' id='word_1_460' title='bbox 1656 5525 1717 5597; x_wconf 84' lang='lat' dir='ltr'>lpse</span> <span class='ocrx_word' id='word_1_461' title='bbox 1738 5530 1811 5586; x_wconf 91' lang='lat' dir='ltr'>enim</span> <span class='ocrx_word' id='word_1_462' title='bbox 1824 5540 1878 5597; x_wconf 87' lang='lat' dir='ltr'>est,</span> <span class='ocrx_word' id='word_1_463' title='bbox 1908 5541 1954 5606; x_wconf 80' lang='lat' dir='ltr'>qut</span> 
     </span>
     <span class='ocr_line' id='line_1_42' title="bbox 332 5606 1953 5690; baseline 0.011 -27"><span class='ocrx_word' id='word_1_464' title='bbox 332 5609 404 5663; x_wconf 85' lang='lat' dir='ltr'>ultra</span> <span class='ocrx_word' id='word_1_465' title='bbox 419 5606 528 5661; x_wconf 90' lang='lat' dir='ltr'>modum</span> <span class='ocrx_word' id='word_1_466' title='bbox 544 5623 661 5678; x_wconf 89' lang='lat' dir='ltr'>peccans</span> <span class='ocrx_word' id='word_1_467' title='bbox 679 5618 814 5680; x_wconf 84' lang='lat' dir='ltr'>peccator,</span> <span class='ocrx_word' id='word_1_468' title='bbox 831 5619 858 5666; x_wconf 91' lang='lat' dir='ltr'>et</span> <span class='ocrx_word' id='word_1_469' title='bbox 872 5612 973 5682; x_wconf 74' lang='lat' dir='ltr'>ingenii</span> <span class='ocrx_word' id='word_1_470' title='bbox 988 5613 1118 5668; x_wconf 75' lang='lat' dir='ltr'>vivacitas</span> <span class='ocrx_word' id='word_1_471' title='bbox 1167 5613 1214 5671; x_wconf 84' lang='lat' dir='ltr'>dat</span> <span class='ocrx_word' id='word_1_472' title='bbox 1235 5614 1294 5670; x_wconf 81' lang='lat' dir='ltr'>roci</span> <span class='ocrx_word' id='word_1_473' title='bbox 1308 5630 1365 5671; x_wconf 83' lang='lat' dir='ltr'>suae</span> <span class='ocrx_word' id='word_1_474' title='bbox 1381 5631 1473 5672; x_wconf 85' lang='lat' dir='ltr'>rocem</span> <span class='ocrx_word' id='word_1_475' title='bbox 1494 5617 1613 5683; x_wconf 83' lang='lat' dir='ltr'>virtutis,</span> <span class='ocrx_word' id='word_1_476' title='bbox 1636 5621 1726 5690; x_wconf 88' lang='lat' dir='ltr'>quiin</span> <span class='ocrx_word' id='word_1_477' title='bbox 1742 5623 1888 5682; x_wconf 87' lang='lat' dir='ltr'>dulcedine</span> <span class='ocrx_word' id='word_1_478' title='bbox 1904 5641 1953 5683; x_wconf 78' lang='lat' dir='ltr'>sua</span> 
     </span>
     <span class='ocr_line' id='line_1_43' title="bbox 331 5698 1952 5781; baseline 0.012 -27"><span class='ocrx_word' id='word_1_479' title='bbox 331 5699 417 5754; x_wconf 90' lang='lat' dir='ltr'>ultum</span> <span class='ocrx_word' id='word_1_480' title='bbox 434 5698 462 5753; x_wconf 91' lang='lat' dir='ltr'>in</span> <span class='ocrx_word' id='word_1_481' title='bbox 477 5715 584 5755; x_wconf 89' lang='lat' dir='ltr'>menon</span> <span class='ocrx_word' id='word_1_482' title='bbox 600 5700 681 5756; x_wconf 82' lang='lat' dir='ltr'>lrabet</span> <span class='ocrx_word' id='word_1_483' title='bbox 693 5701 792 5758; x_wconf 90' lang='lat' dir='ltr'>locum.</span> <span class='ocrx_word' id='word_1_484' title='bbox 807 5703 920 5760; x_wconf 83' lang='lat' dir='ltr'>Accedit</span> <span class='ocrx_word' id='word_1_485' title='bbox 932 5704 965 5759; x_wconf 91' lang='lat' dir='ltr'>ad</span> <span class='ocrx_word' id='word_1_486' title='bbox 978 5706 1120 5776; x_wconf 72' lang='lat' dir='ltr'>hocoego·</span> <span class='ocrx_word' id='word_1_487' title='bbox 1168 5707 1281 5778; x_wconf 86' lang='lat' dir='ltr'>pauperi</span> <span class='ocrx_word' id='word_1_488' title='bbox 1306 5718 1404 5777; x_wconf 83' lang='lat' dir='ltr'>parat,</span> <span class='ocrx_word' id='word_1_489' title='bbox 1429 5707 1477 5778; x_wconf 87' lang='lat' dir='ltr'>qui</span> <span class='ocrx_word' id='word_1_490' title='bbox 1503 5709 1589 5781; x_wconf 90' lang='lat' dir='ltr'>replet</span> <span class='ocrx_word' id='word_1_491' title='bbox 1618 5710 1648 5767; x_wconf 89' lang='lat' dir='ltr'>in</span> <span class='ocrx_word' id='word_1_492' title='bbox 1678 5711 1758 5772; x_wconf 85' lang='lat' dir='ltr'>bonis</span> <span class='ocrx_word' id='word_1_493' title='bbox 1786 5714 1952 5776; x_wconf 87' lang='lat' dir='ltr'>desiderium</span> 
     </span>
     <span class='ocr_line' id='line_1_44' title="bbox 332 5790 1255 5870; baseline 0.012 -25"><span class='ocrx_word' id='word_1_494' title='bbox 332 5791 432 5847; x_wconf 90' lang='lat' dir='ltr'>tiorum</span> <span class='ocrx_word' id='word_1_495' title='bbox 445 5790 644 5862; x_wconf 83' lang='lat' dir='ltr'>multiplicitas,</span> <span class='ocrx_word' id='word_1_496' title='bbox 653 5809 714 5863; x_wconf 76' lang='lat' dir='ltr'>que</span> <span class='ocrx_word' id='word_1_497' title='bbox 723 5797 806 5851; x_wconf 84' lang='lat' dir='ltr'>etiam</span> <span class='ocrx_word' id='word_1_498' title='bbox 817 5797 844 5852; x_wconf 88' lang='lat' dir='ltr'>in</span> <span class='ocrx_word' id='word_1_499' title='bbox 856 5796 967 5854; x_wconf 86' lang='lat' dir='ltr'>homino</span> <span class='ocrx_word' id='word_1_500' title='bbox 977 5797 1118 5870; x_wconf 74' lang='lat' dir='ltr'>ingenioso</span> <span class='ocrx_word' id='word_1_501' title='bbox 1166 5807 1255 5856; x_wconf 89' lang='lat' dir='ltr'>tuum.</span> 
     </span>
     <span class='ocr_line' id='line_1_45' title="bbox 331 5883 1825 5972; baseline 0.016 -36"><span class='ocrx_word' id='word_1_502' title='bbox 331 5883 417 5938; x_wconf 90' lang='lat' dir='ltr'>totius</span> <span class='ocrx_word' id='word_1_503' title='bbox 431 5883 561 5940; x_wconf 78' lang='lat' dir='ltr'>doctrinm</span> <span class='ocrx_word' id='word_1_504' title='bbox 571 5887 675 5943; x_wconf 88' lang='lat' dir='ltr'>semina</span> <span class='ocrx_word' id='word_1_505' title='bbox 690 5890 731 5942; x_wconf 86' lang='lat' dir='ltr'>rel</span> <span class='ocrx_word' id='word_1_506' title='bbox 746 5889 890 5946; x_wconf 80' lang='lat' dir='ltr'>obruituri</span> <span class='ocrx_word' id='word_1_507' title='bbox 906 5893 1021 5964; x_wconf 85' lang='lat' dir='ltr'>repellit.</span> <span class='ocrx_word' id='word_1_508' title='bbox 1034 5891 1116 5947; x_wconf 80' lang='lat' dir='ltr'>iuxta</span> <span class='ocrx_word' id='word_1_509' title='bbox 1292 5892 1356 5949; x_wconf 81' lang='lat' dir='ltr'>Cae.</span> <span class='ocrx_word' id='word_1_510' title='bbox 1372 5892 1392 5949; x_wconf 91' lang='grc' dir='ltr'>Ι.</span> <span class='ocrx_word' id='word_1_511' title='bbox 1413 5891 1580 5954; x_wconf 77' lang='lat' dir='ltr'>Conscientia</span> <span class='ocrx_word' id='word_1_512' title='bbox 1597 5898 1707 5972; x_wconf 74' lang='lat' dir='ltr'>ripaeos</span> <span class='ocrx_word' id='word_1_513' title='bbox 1717 5901 1825 5960; x_wconf 70' lang='lat' dir='ltr'>dicitur.</span> 
     </span>
     <span class='ocr_line' id='line_1_46' title="bbox 333 5969 1948 6068; baseline 0.02 -40"><span class='ocrx_word' id='word_1_514' title='bbox 333 5969 489 6034; x_wconf 64' lang='lat' dir='ltr'>molentem</span> <span class='ocrx_word' id='word_1_515' title='bbox 506 5976 578 6033; x_wconf 85' lang='lat' dir='ltr'>enin</span> <span class='ocrx_word' id='word_1_516' title='bbox 592 5979 723 6037; x_wconf 73' lang='lat' dir='ltr'>sumentia</span> <span class='ocrx_word' id='word_1_517' title='bbox 740 5981 877 6038; x_wconf 67' lang='lat' dir='ltr'>reddenda</span> <span class='ocrx_word' id='word_1_518' title='bbox 891 5992 930 6039; x_wconf 78' lang='lat' dir='ltr'>ert</span> <span class='ocrx_word' id='word_1_519' title='bbox 955 5987 982 6040; x_wconf 84' lang='lat' dir='ltr'>ia</span> <span class='ocrx_word' id='word_1_520' title='bbox 1003 5994 1117 6052; x_wconf 76' lang='lat' dir='ltr'>tearpora</span> <span class='ocrx_word' id='word_1_521' title='bbox 1201 5984 1375 6047; x_wconf 80' lang='lat' dir='ltr'>conscientia</span> <span class='ocrx_word' id='word_1_522' title='bbox 1389 5989 1515 6064; x_wconf 36' lang='lat' dir='ltr'>,dominis</span> <span class='ocrx_word' id='word_1_523' title='bbox 1537 5993 1654 6068; x_wconf 77' lang='lat' dir='ltr'>abyssus</span> <span class='ocrx_word' id='word_1_524' title='bbox 1683 5997 1768 6055; x_wconf 83' lang='lat' dir='ltr'>multa</span> <span class='ocrx_word' id='word_1_525' title='bbox 1789 6007 1844 6058; x_wconf 76' lang='lat' dir='ltr'>est.</span> <span class='ocrx_word' id='word_1_526' title='bbox 1869 5997 1948 6063; x_wconf 72' lang='lat' dir='ltr'>sico</span> 
     </span>
    </p>
   </div>
   <div class='ocr_carea' id='block_1_13' title="bbox 0 0 2180 6709">
    <p class='ocr_par' dir='ltr' id='par_1_13' title="bbox 0 0 2180 6709">
     <span class='ocr_line' id='line_1_47' title="bbox 0 0 2180 6709; baseline 0 5"><span class='ocrx_word' id='word_1_527' title='bbox 0 0 2180 6709; x_wconf 95' lang='lat' dir='ltr'> </span> 
     </span>
    </p>
   </div>
  </div>
 </body>
</html>
