4350 6709
272 477 322 536 ost
887 477 1043 536 ANONYiii
1061 475 1199 536 SAECULI
1219 477 1279 534 xit.
1838 465 1892 523 ⁹5²

340 594 434 651 Areos
448 594 613 667 subpeditet
629 594 726 650 nastris
738 604 907 652 conteremns.
924 637 930 650 ,.
1072 597 1098 657 Α
1146 597 1251 663 Quibus
1273 596 1318 652 iiie
1342 595 1455 651 honeste
1480 587 1616 660 susceptis
1636 592 1729 642 enatat
1748 599 1757 640 ε
1778 579 1891 639 Romani

344 688 380 742 Et
392 690 438 759 qui
451 705 518 741 nune
532 697 560 740 ut
575 689 670 743 milites
686 687 779 742 notum
793 689 906 756 obedire,
1109 691 1233 754 nominis,
1248 697 1301 744 etc.
1317 686 1350 741 Et
1365 686 1516 743 ascendens
1529 683 1563 739 ud
1578 679 1722 750 imperium
1734 681 1831 731 euutut
1844 676 1893 730 noe
1912 704 1916 712 ·

345 780 482 851 Tanquam
496 781 562 835 serui
573 779 738 849 postmodum
753 792 878 851 seqentur
892 784 997 839 seruire.
1108 783 1208 852 ipsum,
1221 781 1323 835 iterans
1340 799 1346 832 :
1363 777 1474 832 Romani
1489 773 1614 835 neminis,
1628 777 1682 826 etc.

310 872 344 927 Et
361 873 452 928 statim
470 870 555 945 [curn]
578 873 688 929 aciebus
702 873 777 928 rudit
798 873 831 928 ud
849 875 1059 947 expugnandum
1146 874 1206 942 Quo
1217 874 1263 927 ille
1278 867 1540 940 snsceptocoocedit
1553 865 1606 921 sibi
1622 876 1746 932 regnum.
1762 857 1827 927 ipso
1845 855 1895 909 ita-

275 980 365 1036 reqem
389 962 568 1019 Francorum.
585 964 640 1032 'Qui
656 966 706 1021 siiri
724 981 873 1022 occurrens
885 969 1060 1038 congreditur
1110 983 1162 1039 que
1181 981 1289 1022 reverso
1304 965 1332 1018 in
1344 962 1434 1018 sedern
1451 975 1538 1022 snum,
1553 972 1615 1012 cum
1629 955 1684 1025 jorn
1699 960 1758 1006 totu
1774 947 1896 1004 Ecclesia

276 1067 337 1114 tum
352 1072 400 1122 eo,
419 1064 445 1113 et
466 1065 611 1127 superatus
626 1061 751 1126 captiuus
767 1059 906 1113 reducitur
919 1058 952 1112 od
969 1061 1059 1114 sedern
1110 1061 1218 1117 subdita
1239 1058 1274 1114 sit
1289 1055 1404 1126 irnperio
1423 1052 1559 1109 Romano,
1583 1046 1724 1112 eonsuriil¹
1741 1058 1788 1098 ie¹
1809 1040 1898 1111 Baby·

276 1151 465 1221 imperatoris,
482 1158 509 1205 ct
525 1150 636 1206 sedente
654 1150 819 1219 imperatore
839 1159 894 1208 stat
916 1167 1009 1207 eorum
1028 1168 1061 1206 eo
1112 1156 1183 1212 ionis
1203 1155 1231 1207 in
1247 1132 1336 1206 medio
1351 1163 1464 1205 suarum
1481 1150 1616 1199 cariturus:

276 1251 392 1298 cantans
405 1261 412 1296 :
1184 1246 1249 1300 Eece
1262 1242 1411 1313 superstitio
1423 1238 1546 1294 nouitatis
1562 1251 1647 1297 rann,

350 1332 487 1402 Triumphi
499 1320 585 1402 qiaria
598 1341 637 1386 est
649 1349 756 1403 parcere
766 1333 884 1390 ‹ter-rcus.
1147 1384 1150 1395 .
1183 1341 1271 1407 Quam
1283 1351 1359 1391 error
1371 1332 1504 1388 adinvenit
1514 1337 1590 1384 seetoe
1605 1321 1768 1382 chistiana!

353 1425 441 1478 Victus
456 1442 501 1495 eqo
516 1427 567 1480 tuis
583 1443 652 1480 nune
666 1426 792 1495 obsequor
805 1428 907 1483 edictis.
1183 1429 1251 1486 Fere
1260 1427 1390 1483 destruxit
1404 1425 1486 1478 ritum
1499 1418 1676 1490 antiquitatis,

353 1516 440 1571 Vitam
455 1535 539 1572 meam
553 1517 633 1571 simut
648 1535 707 1572 eum
723 1521 795 1590 reqni
812 1519 940 1592 diquitatt
1184 1522 1219 1577 Et
1234 1521 1285 1575 diis
1296 1517 1430 1575 subtraxit
1444 1515 1568 1568 donarem
1584 1508 1709 1571 Deitatis,

349 1608 469 1663 Positum
484 1610 570 1679 fateor
584 1611 612 1664 ia
627 1622 673 1665 tua
684 1620 823 1680 potestate.
1182 1614 1301 1682 Quorum
1312 1609 1412 1664 auitum
1426 1605 1509 1661 deteri
1521 1618 1628 1674 prorsus
1644 1615 1676 1654 ne
1690 1599 1823 1658 sinamus,

349 1700 402 1756 sen
415 1702 439 1756 si
450 1719 490 1756 me
498 1703 608 1772 pristina
619 1705 740 1758 restitues
751 1702 856 1768 danari,
1184 1706 1289 1761 Nomen
1302 1702 1482 1760 Christianum
1493 1698 1525 1752 de
1535 1706 1607 1751 terra
1617 1692 1769 1748 deleamus:

348 1791 407 1847 Erit
422 1794 505 1849 donor
517 1795 580 1849 uicti
594 1793 653 1848 iaus
668 1796 785 1849 maxima
798 1798 899 1851 uictori.
1185 1798 1260 1868 Quod
1277 1797 1309 1851 at
1322 1812 1353 1852 eo
1368 1795 1423 1848 ioco
1437 1790 1559 1846 dedemus
1571 1786 1705 1847 inchoare,

314 1882 391 1940 Tune
413 1885 560 1956 imperator
574 1903 636 1942 enm
651 1889 805 1958 suscipiens
829 1889 858 1944 iu
881 1889 1018 1944 hominem
1037 1901 1064 1945 et
1187 1894 1261 1949 Unde
1273 1894 1357 1961 primo
1372 1888 1447 1957 capit
1461 1886 1517 1940 irae
1528 1892 1599 1939 secta
1609 1872 1754 1951 puiiuiarel

226 2004 229 2007 ·
278 1977 432 2033 concedens
447 1978 498 2033 sibi
515 1994 628 2049 regnum
648 1986 741 2033 eautot
757 1994 764 2029 τ
1149 1986 1182 2041 Et
1196 1984 1328 2041 ordinans
1354 1981 1428 2036 acies
1444 1992 1509 2033 snus
1523 1973 1598 2030 rodit
1613 1971 1647 2025 ad
1660 1963 1839 2024 obsidendum
1857 1956 1902 2017 Je-

357 2070 416 2124 Vt'te
429 2087 475 2140 per
487 2072 613 2141 qratiam,
624 2080 649 2126 tt
660 2071 763 2141 suscipe
777 2071 910 2135 dotorem,
1101 2079 1291 2150 'rosolymam
1307 2073 1384 2128 Tune
1406 2086 1454 2126 rer
1474 2066 1651 2137 ierasotyuae
1675 2058 1768 2129 diripit
1789 2054 1903 2112 numnius

350 2162 419 2215 Duru
434 2180 475 2217 me
487 2165 649 2234 reeaqnascis
664 2162 749 2217 sotum
764 2163 957 2232 imperatorem.
1116 2187 1181 2230 quos
1196 2169 1230 2223 sd
1248 2167 1411 2238 imperium,
1427 2168 1543 2217 carinus
1558 2177 1565 2211 t

315 2253 348 2308 Et
361 2254 405 2310 iiie
420 2271 482 2310 euru
495 2254 599 2311 honore
614 2255 744 2311 dimissus
758 2259 903 2311 reuertitur
916 2256 1066 2327 insequuto
1187 2263 1228 2318 ιιι
1243 2261 1297 2315 noec
1310 2257 1434 2313 Euctesia
1449 2255 1522 2308 nraia
1532 2251 1694 2312 nuntianter,

280 2358 513 2405 snrnucontuus:
556 2377 558 2383 ·
1031 2379 1034 2393 =
1189 2341 1721 2417 Nabisauritiumabipsapastuiaates.

350 2443 463 2498 Romani
475 2446 587 2499 nominis
598 2444 721 2500 donarem
732 2462 896 2510 veneramur,
1188 2447 1254 2504 Hoee
1266 2445 1330 2501 dnm
1341 2441 1489 2516 eoqnouerit
1503 2438 1636 2493 Romanae
1649 2435 1804 2502 imperator,

352 2535 470 2605 Anqusto
482 2535 584 2590 Cereri
594 2537 689 2591 seruire
699 2535 856 2608 qiariarnur,
1190 2539 1250 2614 ipse
1263 2549 1353 2595 noster
1366 2538 1415 2593 erit
1427 2533 1459 2589 ab
1471 2532 1544 2587 iraste
1558 2527 1693 2583 iiieratar.

352 2625 434 2694 Cujus
446 2627 547 2695 imperii
562 2627 646 2682 uirtus
661 2635 699 2682 est
710 2626 892 2697 lormidanda,
1154 2635 1206 2705 Qui
1222 2635 1362 2690 venientes
1373 2630 1407 2685 ad
1423 2626 1567 2699 imperium
1580 2627 1691 2677 cantant
1704 2629 1798 2673 coram
1813 2626 1848 2670 ⁰⁰
1862 2630 1873 2667 Ξ

354 2715 447 2770 Houor
460 2727 483 2770 et
498 2716 583 2788 qioria
599 2729 721 2773 maneant
734 2719 892 2775 ueneranda.
1192 2727 1318 2798 Defensor
1329 2723 1455 2779 Ecclesia
1466 2717 1550 2774 nostri
1563 2715 1695 2776 miserere,

355 2805 478 2862 omnium
490 2820 616 2864 'mrem
631 2820 655 2866 ⁸0
666 2810 752 2866 mlum
765 2812 930 2881 profitemur,
1191 2822 1264 2890 Quos
1276 2820 1365 2874 volunt
1378 2813 1480 2870 inimici
1494 2808 1602 2864 Domini
1615 2805 1709 2860 detere.

356 2897 416 2952 Tibi
431 2910 485 2953 ‘⁰²⁰
499 2911 584 2955 ’ΜΝ
597 2918 698 2972 iimW
712 2902 892 2960 memmii·
927 2959 935 2970 .
1198 2912 1327 2969 Venerunt
1342 2916 1428 2979 qentes
1441 2905 1468 2958 ia
1477 2902 1527 2957 Dei
1537 2898 1728 2959 itareditatem,

318 2986 398 3045 Tune
424 2990 574 3060 imperator
585 2990 707 3062 dirigens
723 2992 832 3049 nuntios
847 3009 913 3050 suos
927 2993 961 3049 od
980 3011 1070 3066 regem
1194 3004 1337 3064 obsidione
1351 3006 1437 3054 renent
1451 3004 1572 3050 ranetam
1584 2990 1726 3052 ciuitatem,

285 3078 442 3136 firmium
458 3089 569 3136 inmiti
1194 3099 1304 3162 Locum,
1319 3096 1347 3149 in
1357 3108 1407 3163 qno
1423 3089 1509 3144 sancti
1520 3086 1576 3157 ejus
1592 3082 1667 3153 pedes
1681 3086 1822 3141 steterunt,

356 3171 431 3228 Sicut
445 3174 546 3244 scripta
560 3173 670 3229 tradunt
684 3174 964 3246 tristariaqrapirorum,
1093 3247 1095 3250 y
1193 3190 1255 3246 qu
1267 3184 1435 3257 ,parcissimo
1447 3179 1627 3236 contaminare
1637 3178 1769 3245 quarunt·

356 3267 489 3338 Quidquid
500 3266 577 3322 trata
591 3268 715 3334 mundus,
730 3271 811 3340 fiscus
829 3279 868 3326 est
884 3268 1070 3326 Romanarum.
1160 3285 1264 3353 Quibus
1280 3281 1345 3336 jue:

359 3358 417 3413 Hae
428 3359 574 3428 primarum
585 3359 728 3415 strenuiter
741 3359 896 3426 elaborarit,
1195 3377 1236 3432 133
1246 3381 1344 3429 vestros
1354 3384 1462 3441 propere
1475 3366 1572 3436 fratres
1583 3357 1761 3420 consolanter,

357 3446 410 3504 Sed
422 3459 587 3518 posterorum
599 3449 700 3504 desidia
711 3450 860 3519 dissiparit.
1197 3468 1230 3524 θ’,
1244 3474 1364 3522 „ostrum
1380 3460 1509 3516 auritium
1525 3456 1581 3511 tari
1596 3450 1770 3522 postulantes,

357 3540 412 3597 3²⁸⁶
427 3542 467 3595 '¹¹⁹⁵
481 3543 585 3611 impetis
598 3541 705 3612 ‘miliia
717 3551 756 3597 ⁰⁸¹
770 3552 896 3612 timim·
1197 3559 1254 3615 Nos
1267 3573 1315 3628 pro
1326 3564 1397 3610 eerta
1408 3549 1494 3607 sciant
1506 3550 1532 3602 in
1547 3545 1667 3615 proxima
1682 3541 1778 3602 uenire,

358 3636 445 3702 Quam
460 3645 558 3691 nostra
569 3638 661 3706 repetit
674 3639 796 3706 patentia
807 3639 943 3710 majestas.
1197 3649 1238 3705 Ne
1252 3647 1359 3718 deipsis
1373 3642 1478 3699 ualeant
1489 3639 1575 3693 itostes
1591 3632 1735 3703 superbire.

1162 3743 1214 3813 Qui
1233 3737 1339 3796 reuersi
1352 3742 1427 3792 stunt
1439 3745 1532 3789 earnm
1546 3744 1610 3799 reqe
1621 3732 1765 3782 contantes
1782 3741 1791 3776 r

361 3817 389 3872 N
390 3836 439 3874 une
456 3818 574 3874 Romana
589 3818 692 3874 satuant
706 3821 814 3889 imperia
830 3822 938 3878 tributa.
1201 3834 1320 3891 prrsum
1334 3844 1412 3901 aqem
1425 3827 1458 3880 at
1468 3825 1542 3878 inste
1557 3821 1595 3875 sis
1609 3830 1738 3873 securus-⁸

360 3915 419 3971 liae
432 3918 514 3987 iqitnr
526 3917 641 3971 edictum
656 3917 755 3972 Gratis
769 3917 900 3983 indicate,
1200 3925 1395 3995 Appropinquat
1409 3917 1478 3972 enim
1495 3917 1528 3968 ab
1546 3914 1596 3967 irae
1614 3921 1638 3966 te
1651 3908 1844 3976 redempturus.

361 4007 396 4061 Et
411 4008 443 4062 at
459 4010 521 4078 ipsis
536 4008 653 4064 debitum
667 4028 773 4065 censum
789 4021 931 4082 reportate.
1199 4019 1281 4085 Quem
1293 4013 1368 4068 teies
1385 4012 1412 4065 in
1425 4007 1517 4078 pratia
1533 4013 1655 4060 constans
1667 3996 1833 4071 praestolari.

327 4097 378 4164 Qui
393 4100 535 4154 uenientes
549 4100 583 4153 ad
605 4115 697 4170 regern
711 4108 825 4155 cautant
844 4118 937 4157 corum
957 4118 1010 4159 eo:
1028 4104 1080 4159 Sa·
1201 4109 1254 4164 Per
1268 4106 1336 4160 itanc
1349 4112 1372 4158 te
1381 4099 1506 4173 qaudeiis
1521 4097 1548 4153 in
1563 4095 1631 4150 dreni
1643 4091 1762 4148 iiierari.

294 4191 373 4244 Mem
391 4190 511 4255 mandat,
527 4191 564 4245 iot
581 4199 740 4249 mutantes:
1166 4202 1277 4258 interior
1296 4200 1361 4254 doru
1382 4197 1532 4265 imperator
1554 4187 1656 4258 cotiiqit
1669 4182 1840 4243 exereitum,
1868 4191 1916 4231 uo-

366 4282 450 4353 Cujus
465 4283 500 4339 ad
510 4285 660 4340 ‘tristitiem
677 4295 701 4341 it
716 4287 868 4351 inritamus,
1132 4297 1208 4368 qeins
1222 4292 1330 4348 Domini
1345 4290 1437 4346 subito
1452 4297 1598 4358 apparens,
1613 4286 1706 4335 cantat

365 4374 401 4428 Et
416 4376 543 4430 tributum
554 4376 618 4431 dare
633 4377 682 4431 sui
694 4388 822 4446 praeapte
838 4378 1006 4435 mandantur.
1202 4385 1299 4441 Judna
1309 4392 1333 4438 et
1348 4380 1499 4436 Jerusalem
1510 4377 1589 4432 notite
1605 4374 1707 4435 timere,

330 4468 405 4536 Quos
419 4468 463 4523 iiie
478 4467 592 4525 honeste
605 4468 758 4540 suscipiens
773 4476 864 4525 cuntot
881 4488 887 4525 :
1205 4478 1295 4534 sciens
1308 4484 1331 4529 te
1346 4472 1476 4527 auritium
1491 4469 1539 4523 Dei
1550 4483 1610 4521 crat
1623 4463 1719 4526 nidere,

276 4620 279 4628 .
364 4559 477 4615 ROmssttt'
491 4562 603 4617 nominis
613 4561 738 4618 'motem
748 4579 911 4628 veneramur,
1206 4569 1279 4623 Nam
1294 4566 1332 4622 ttn'
1343 4564 1439 4634 [ratres
1453 4560 1561 4623 adsunt,
1576 4557 1621 4629 qui
1638 4564 1661 4609 te
1672 4549 1835 4612 liberabunt,

367 4653 506 4711 Triiatum
518 4654 621 4711 Catari
633 4655 740 4711 reddere
753 4655 975 4728 qtariamur‚etc.
1100 4660 1121 4714 i)
1205 4663 1289 4732 Atque
1304 4670 1362 4713 tuas
1375 4657 1461 4711 testes
1474 4645 1777 4724 potentersnperadunt.

331 4747 527 4819 Easque·cttrn
551 4747 656 4805 honore
679 4747 820 4804 dimittens
841 4748 956 4817 ipsemet
985 4762 1082 4803 ascen·
1170 4756 1248 4812 Tune
1272 4754 1373 4808 chorus
1389 4765 1395 4801 τ
1410 4746 1508 4801 dudan
1522 4753 1547 4800 et
1560 4742 1721 4797 Jerusalem·
1735 4734 1849 4791 inierim
1870 4733 1922 4787 5⁰¹·

296 4842 342 4899 det
370 4843 447 4914 (to),
467 4843 501 4898 ud
524 4843 669 4914 imperium
692 4851 836 4898 cantans:
861 4841 973 4896 Rotnani
1000 4844 1086 4897 nemi·
1136 4857 1245 4923 perutor
1261 4860 1324 4900 rrum
1348 4842 1406 4898 suis
1427 4837 1559 4911 procedat
1583 4834 1617 4889 ad
1632 4831 1771 4904 praeiiurn.
1793 4833 1822 4882 et
1847 4823 1923 4879 iinito

297 4938 349 5000 nis,
362 4942 415 4990 ete.
427 4933 479 5003 Qui
491 4951 552 4991 euru
565 4935 741 4991 inhominem
758 4935 922 5006 suscipiens,
934 4947 1085 5008 euregnum
1137 4943 1241 5015 praetio,
1250 4935 1427 5010 responsorio
1447 4927 1639 5000 congredietur
1663 4937 1725 4977 euru
1742 4934 1808 4989 rege
1834 4915 1923 4986 Baby·

299 5029 351 5085 sibi
367 5029 524 5084 concedens
538 5037 650 5084 cantat:
669 5029 729 5084 Viae
739 5045 785 5099 per
796 5031 922 5100 qratiam.
934 5030 1013 5087 Tune
1029 5032 1095 5089 iiie·
1138 5036 1221 5092 lonis.
1244 5031 1303 5098 Quo
1319 5031 1458 5096 superato,
1475 5031 1502 5074 et
1528 5017 1619 5088 iuanu
1642 5014 1752 5069 ineunte
1775 5011 1925 5078 imperator

299 5134 430 5193 suscepto
444 5138 540 5195 reque,
557 5123 703 5178 revertitur
723 5132 854 5180 cantans:
871 5125 985 5181 Romani
1000 5128 1084 5181 naari-
1139 5142 1200 5184 cum
1213 5123 1272 5180 suis
1287 5122 1370 5175 intret
1384 5113 1525 5186 tempium,
1539 5117 1567 5165 et
1582 5113 1725 5179 postquam
1740 5101 1778 5157 ibi
1793 5099 1925 5155 adorate·

299 5216 352 5280 nis,
370 5224 424 5273 etc.
1138 5221 1194 5286 ris,
1215 5217 1313 5273 totiens
1329 5224 1459 5268 caronam
1475 5204 1622 5275 decapite,
1636 5207 1665 5257 et
1677 5211 1772 5255 tenens
1786 5210 1849 5251 eum
1863 5206 1926 5248 Μ

337 5308 415 5365 Tune
435 5310 534 5366 iterum
549 5308 641 5383 dirigit
662 5312 775 5366 nuntios
795 5326 861 5366 suos
884 5311 1032 5380 imperator
1055 5312 1089 5366 ad
1140 5322 1248 5384 sceptro
1262 5315 1290 5364 et
1304 5304 1429 5378 imperio,
1445 5309 1510 5357 aute
1524 5298 1611 5353 altare
1623 5300 1735 5350 cantet:

302 5419 394 5476 regem
414 5403 665 5477 ierosolymorum,
690 5404 787 5462 dicens
800 5423 807 5460 :
821 5404 896 5460 Sicut
914 5405 1013 5473 scripta
1034 5414 1091 5459 tra·
1211 5401 1319 5468 Suscipe
1333 5396 1402 5468 quad
1415 5395 1506 5466 affara,
1523 5407 1583 5447 nam
1593 5388 1672 5444 carde
1686 5385 1808 5456 ieniqna,

303 5497 386 5566 dunt,
414 5507 468 5555 etc.
498 5499 552 5566 Qui
575 5498 717 5556 uenientes
752 5499 786 5554 ud
811 5514 902 5569 regem
930 5513 1022 5554 corani
1058 5514 1093 5555 ea
1213 5494 1271 5551 Titi
1287 5483 1725 5563 Reqirequmimperiumresiquu

305 5599 418 5648 canunt
433 5613 440 5648 :
1214 5587 1267 5643 Per
1280 5602 1355 5657 quem
1370 5599 1441 5653 rrqes
1457 5586 1575 5650 sequani,
1590 5578 1635 5648 qui
1649 5574 1721 5631 sotus
1736 5573 1881 5640 imparatas

377 5687 496 5743 Satutem
514 5688 623 5742 mandat
638 5688 780 5758 imperator
790 5687 968 5744 Romanorum
1216 5676 1274 5732 ⁰5⁶3
1287 5684 1369 5747 ΡΜ,
1380 5685 1406 5727 0²
1419 5688 1446 5727 0⁸
1461 5677 1614 5725 mmmm
1628 5665 1795 5738 dubimawf·

379 5780 481 5836 Dilecta
493 5779 917 5853 suareqiterosatqmorummte.
1180 5770 1213 5825 Et
1232 5769 1273 5826 eis
1296 5766 1427 5838 depositis
1451 5778 1534 5836 super
1556 5761 1642 5816 attare
1662 5758 1721 5829 ipse
1738 5753 1887 5812 revertitur
1901 5749 1930 5807 io

346 5938 403 6013 tto)
422 5940 488 5999 Cad.
503 5942 663 5998 ascendens.
