4350 6709
198 515 256 572 att
625 505 738 562 albuli·
755 506 800 561 DE
830 446 989 558 olimsls
1015 494 1203 557 oltolntmls
1220 464 1418 552 scotoma(
1776 484 1829 544 sto

200 642 312 703 quoque
332 624 521 682 columnarum
537 620 681 685 deterunt,
695 633 759 675 eum
772 613 984 689 regimeu'quud
999 612 1125 685 Amsgis
1136 611 1218 684 plura
1232 617 1261 667 et
1275 607 1416 680 mammet
1425 606 1533 662 minora
1540 617 1640 661 curare
1654 601 1769 668 debut,
1786 618 1831 659 re·

203 718 330 777 Ecclesia
341 733 449 788 semper
461 716 556 772 habuit
570 715 696 787 plebibus
722 711 880 769 ostendunt.
909 707 987 763 Basis
1039 703 1217 760 miniscentcs
1229 701 1294 774 quia
1304 700 1353 756 cui
1370 699 1487 758 multum
1499 696 1678 754 commissum
1689 703 1744 764 est,
1757 697 1831 752 mul·

201 811 276 867 enim
288 809 389 865 dieitur
401 823 458 862 res.
475 806 508 860 Et
527 806 637 861 attende
652 804 798 876 diligenter
810 801 882 873 quod
893 806 989 872 postea
1040 801 1098 849 tum
1108 794 1269 865 ‘requiretur
1279 791 1315 848 ab
1328 806 1372 850 eo.

204 901 240 956 de
256 898 391 953 lleraritis
406 899 540 968 sequitur,
553 896 616 967 quia
636 897 780 951 columnas
794 893 857 948 atrii
872 907 921 964 per
933 890 989 946 cir·
1075 886 1120 942 os.
1137 884 1191 943 Sed
1204 899 1240 942 ne
1259 885 1322 941 iilos
1345 884 1456 955 quidem
1485 883 1645 941 sacerdotes
1669 880 1830 951 relinquere

204 992 390 1048 catumeum
408 991 521 1047 basibus
531 998 560 1046 et
573 989 683 1060 paxillis
694 996 722 1043 et
737 986 985 1055 lunibussuispor·
1040 979 1182 1042 debemus,
1201 977 1249 1048 qui
1265 991 1280 1030 a
1294 975 1473 1047 pontilicibus
1487 973 1629 1038 ordinati,
1651 979 1784 1041 tarrquam
1795 970 1831 1023 ab

204 1091 275 1139 taut.
286 1082 439 1139 cumcuim
455 1081 584 1153 superius
593 1080 704 1135 tabulas
719 1077 890 1134 tabernaculi
905 1084 989 1133 etve-
1040 1073 1133 1126 Aaron
1148 1079 1176 1126 et
1191 1069 1255 1126 iliis
1269 1069 1340 1139 ejus,
1354 1068 1390 1124 ad
1406 1066 1553 1140 parochias
1588 1063 1782 1138 gubernandas
1796 1061 1832 1116 ab

205 1184 266 1232 etes
278 1183 305 1232 et
320 1176 465 1232 columnas
481 1183 509 1232 et
525 1175 607 1230 bases
620 1180 732 1244 portare
754 1172 925 1235 dicebantur,
940 1169 990 1226 de-
1039 1161 1177 1234 episcopis
1199 1162 1243 1218 ael
1264 1174 1361 1217 eorum
1385 1159 1522 1216 ministris
1546 1159 1709 1220 mittuntur,
1725 1153 1831 1210 etillis

204 1268 410 1323 monstrabatur
427 1281 475 1323 eos
492 1265 520 1321 in
534 1265 713 1337 interioribus
740 1264 913 1320 tabernaculi
940 1263 992 1318 ali·
1041 1254 1203 1312 obedietttct
1228 1252 1359 1308 existunt·
1380 1249 1439 1305 Nou
1459 1250 1533 1305 enim
1555 1249 1636 1304 debet
1660 1261 1756 1304 eorum
1775 1244 1833 1299 titt

205 1357 272 1429 quita
287 1358 417 1414 tabuisse
429 1357 521 1414 umeri.
535 1356 604 1413 eum
616 1372 683 1413 uero
696 1357 837 1413 columnas
852 1356 913 1411 sirit
929 1369 992 1411 cum
1041 1361 1058 1401 a
1072 1346 1287 1408 canonicorum,
1306 1342 1333 1398 id
1361 1350 1404 1398 est
1429 1341 1598 1413 regularium
1621 1337 1833 1396 conversatione

205 1449 320 1505 basibus
330 1456 358 1504 ct
369 1450 480 1520 paxillis
494 1458 522 1505 et
538 1447 650 1504 funibus
662 1456 774 1520 portare
793 1457 991 1516 memorantur,
1041 1438 1210 1509 (3533313333,
1228 1435 1277 1492 sed
1292 1434 1418 1491 33333333
1428 1441 1457 1490 33
1477 1433 1650 1504 festiviter·
1665 1438 1695 1487 lli
1710 1438 1833 1487 lecim

206 1546 372 1611 potestatem
388 1555 472 1610 super
486 1541 580 1609 plebes
593 1555 654 1611 quae
663 1540 696 1594 ad
709 1541 916 1598 tabernaculum
929 1555 994 1596 eon·
1043 1533 1208 1604 populorum
1225 1532 1313 1598 decet,
1326 1531 1399 1586 inter
1412 1528 1560 1586 saculares
1576 1526 1702 1582 homines
1729 1526 1832 1582 uiuere.

205 1632 353 1688 ueniebant
377 1639 404 1687 et
421 1637 498 1687 extra
522 1631 729 1687 tabernaculum
750 1639 851 1695 erant,
870 1631 994 1689 tenuisse
1040 1619 1178 1676 0⁰¹¹l0¹¹ii
1202 1620 1284 1675 eiiam
1310 1619 1365 1684 bis,
1392 1624 1423 1672 ut
1440 1616 1597 1687 ubictsstloe
1622 1614 1834 1672 ittielilomissei

208 1725 374 1780 indicantur.
385 1723 478 1795 Neque
492 1725 740 1780 enimstrueturam
754 1726 888 1780 atriorum
904 1725 991 1790 ierre,
1044 1713 1188 1779 babitant,
1217 1720 1245 1768 33
1266 1712 1318 1781 ipsi
1337 1719 1368 1767 33
1395 1710 1506 1765 33333333
1538 1723 1634 1765 333333
1662 1722 1693 1764 33
1724 1706 1835 1779 3333833·

208 1827 238 1874 et
260 1818 414 1873 inordinate
434 1818 462 1872 io
490 1817 569 1873 atriis
583 1831 614 1872 se
630 1816 763 1873 babentes
784 1831 841 1873 nun
863 1817 993 1874 cohibere
1044 1805 1104 1860 3333
1122 1804 1250 1868 3333333,
1266 1817 1348 1873 quam
1368 1801 1460 1857 3333333
1481 1800 1580 1872 plebeii
1593 1800 1736 1865 ¹¹⁰¹¹¹i¹¹0⁸=
1762 1806 1793 1854 33
1807 1798 1836 1854 ia

207 1917 345 1982 poterant.
1043 1895 1295 1951 omnibusaetibus
1308 1894 1368 1951 suis
1381 1893 1498 1949 officium
1514 1898 1634 1949 suamet
1647 1891 1771 1947 ordinem
1786 1889 1837 1946 bo·

245 2001 291 2057 ts.
305 2001 385 2058 Unde
396 2004 459 2073 quia
485 2003 555 2058 istos
578 2001 676 2058 ilerari
699 2001 771 2058 tilios
791 2001 932 2057 canonicis
946 2001 993 2071 qui
1010 1966 1155 2052 3311013113,
1173 1988 1401 2058 &eleemosynas
1415 1986 1535 2043 iideiium
1552 2001 1607 2040 non
1623 1985 1728 2040 sluttra
1741 1998 1836 2039 eoum·

208 2095 356 2149 saeerdares
367 2096 498 2150 dicuntur
516 2094 748 2159 assimilavimus,
776 2094 926 2150 ridendum
940 2101 993 2158 est,
1041 2081 1125 2147 dane
1140 2080 1367 2136 333330133ῖῦ38
1387 2078 1471 2135 Qum
1486 2079 1650 2133 laudibilem
1666 2076 1782 2133 iaciant·

208 2186 363 2257 quaestum
383 2187 423 2241 illl
444 2187 471 2240 m
493 2184 726 2241 tabernaculorum
747 2185 946 2248 aesomnium,
967 2191 995 2239 et
1080 2173 1126 2228 st.
1148 2171 1178 2227 si
1194 2182 1285 2227 aurem
1301 2172 1486 2242 mquiratura
1505 2186 1549 2226 me
1562 2179 1590 2225 et
1611 2169 1710 2225 horum
1725 2167 1753 2223 ia
1767 2165 1839 2223 sasi-

208 2292 319 2331 rursum
333 2283 411 2331 extra
426 2276 631 2330 tabernaculum
646 2274 716 2328 atria
734 2273 941 2341 custodiebant,
954 2274 996 2330 sic
1045 2265 1109 2336 quia
1125 2265 1288 2332 similitudo,
1304 2263 1391 2320 habes
1416 2262 1544 2334 superius
1558 2275 1606 2317 eos
1627 2275 1675 2331 per
1691 2259 1752 2314 illos
1763 2257 1841 2314 Leui-

208 2381 236 2426 et
255 2370 299 2425 isti
325 2369 441 2424 interius
456 2367 630 2423 Deoservire
648 2366 917 2437 etmatemplariqni
933 2375 995 2422 pru·
1043 2366 1088 2414 tas
1105 2359 1153 2428 qui
1172 2357 1317 2413 coiumuas
1341 2363 1370 2412 et
1386 2357 1467 2412 bases
1482 2353 1545 2410 atrii
1559 2354 1685 2409 terebant
1698 2351 1840 2423 significa·

209 2462 275 2518 (lere
287 2461 398 2520 debent.
413 2468 441 2516 et
459 2461 581 2516 euterius
594 2467 705 2530 propter
717 2459 786 2515 alios
798 2458 851 2514 sibi
862 2458 998 2515 commis·
1047 2457 1101 2506 1⁰&
1116 2449 1184 2504 iiam
1201 2455 1229 2505 ei
1242 2449 1343 2504 tilium
1363 2448 1392 2503 in
1410 2463 1466 2519 titio
1486 2445 1582 2502 mundi
1607 2445 1733 2500 immines
1758 2444 1792 2498 tti
1811 2455 1841 2496 0·

209 2570 258 2610 sos
273 2555 400 2618 nutriere,
412 2561 439 2610 et
458 2569 541 2609 onera
558 2555 674 2609 ariorum
687 2552 795 2610 deterre
808 2561 925 2624 oportet.
944 2551 997 2611 be
1046 2541 1165 2596 usnemu
1181 2541 1382 2596 conveniebant
1396 2539 1475 2610 iuxta
1503 2539 1724 2601 talernaculum.
1749 2544 1841 2608 potest

212 2649 279 2704 bent
290 2649 373 2703 etiarn
390 2648 444 2703 sibi
459 2647 593 2716 subjectis
617 2647 742 2717 plebibus
767 2647 871 2702 harere
893 2653 921 2702 et
944 2643 997 2703 sibi
1048 2631 1212 2687 3333333333
1233 2630 1362 2688 33333333
1380 2630 1553 2686 3333333333
1583 2628 1751 2700 3383333333,
1779 2642 1842 2699 (1333

210 2738 374 2793 eonnnissos
386 2754 439 2793 non
455 2737 592 2793 deserere,
608 2735 666 2793 lise
678 2737 751 2793 enim
767 2752 816 2808 per
828 2737 945 2807 pannos
956 2745 999 2793 ῃ.
1048 2723 1152 2794 ubique
1179 2738 1227 2794 per
1241 2724 1373 2778 rutundum
1389 2723 1488 2780 dillusa
1504 2730 1636 2794 tanquam
1664 2722 1765 2776 atrium
1779 2735 1841 2776 am-

212 2829 360 2883 beruaeulo
385 2828 479 2885 affixos
506 2829 676 2901 designatur.
702 2826 1000 2884 l'uneseriamtabee·
1048 2815 1125 2888 133333
1165 2831 1195 2871 33
1224 2814 1311 2887 3133333
1327 2816 1441 2886 13333333,
1456 2821 1484 2870 33
1500 2815 1650 2885 3333333333
1664 2828 1741 2878 ⁸⁰⁰³·
1757 2812 1843 2871 idest

213 2921 304 2975 naculi
329 2929 439 2992 portare
457 2921 664 2992 praecipiuntur,
687 2928 718 2976 ut
737 2937 768 2977 se
792 2921 899 2993 sibique
924 2934 1000 2977 oom-
1048 2914 1173 2964 30333333
1187 2908 1267 2979 quasi
1291 2908 1436 2963 columnis
1462 2914 1490 2964 ti
1515 2904 1732 2962 immittentes
1746 2904 1840 2961 habet·

213 3013 314 3068 missus
330 3013 464 3068 charitate
486 3022 580 3068 mutua
600 3014 764 3085 astringant.
781 3013 829 3071 llis
845 3015 928 3085 igitur
939 3029 1000 3072 om·
1050 2996 1143 3056 3333333
1156 2998 1239 3055 333333
1253 2997 1321 3055 iilud
1332 2999 1488 3070 exemplum
1503 2998 1632 3069 33333333
1647 3004 1842 3064 memmium»

213 3105 297 3158 nibus
312 3104 475 3175 pers-peusis,
492 3103 631 3175 inspicere
657 3114 736 3176 potes
758 3106 908 3163 canonicos
928 3121 1000 3178 qum
1050 3090 1098 3145 ulli
1123 3088 1228 3144 dictum
1244 3089 1371 3161 estquod
1386 3103 1448 3144 eum
1471 3103 1519 3144 ser
1534 3088 1694 3143 ciuitatibus
1708 3085 1840 3158 fugitiuo-

212 3195 333 3250 dicinms
347 3197 501 3260 sarirlares,
519 3195 543 3250 si
560 3194 679 3251 officium
695 3213 776 3253 sirum
799 3199 872 3269 (prod
898 3199 1001 3254 habeat
1051 3197 1113 3237 3333
1124 3182 1315 3255 333333133333
1326 3182 1429 3237 Levitis
1444 3180 1844 3250 ⁸⁰¹¹idi³iii¹ii¹²³viu⁰t¹ii⁰⁸i⁰

212 3287 244 3343 iu
277 3287 398 3343 Ecclesia
427 3287 496 3344 bcue
524 3289 716 3356 custodierint,
742 3297 770 3345 et
799 3289 1000 3361 professionem
1015 3320 1036 3380 c
1054 3274 1335 3346 33833333333333133
1352 3272 1386 3326 33
1403 3270 1844 3344 338333333333333333333333

212 3394 294 3435 suam
304 3395 386 3449 quam
399 3378 528 3436 Ecclesiae
540 3379 587 3437 Dei
601 3380 706 3438 iaciunt
716 3382 932 3448 observaverint,
945 3399 1000 3439 aon
1053 3367 1089 3421 33
1104 3366 1206 3437 33313333
1221 3367 1301 3435 ¹⁰⁰80
1315 3379 1330 3418 3
1347 3364 1519 3435 principibus
1537 3357 1713 3419 3333333333
1728 3363 1844 3423 3333333·

214 3471 272 3526 ,fici
296 3472 396 3528 deum
422 3474 580 3537 mulares,
606 3475 679 3545 quoq
704 3475 873 3531 wimer
896 3475 1000 3541 vivam,
1052 3467 1109 3521 tur,
1139 3457 1268 3529 superius
1290 3455 1551 3512 demonstrauimus.
1574 3453 1644 3520 Quid
1664 3453 1746 3510 etiam
1767 3468 1845 3543 aune

216 3564 264 3619 sed
276 3565 349 3635 quud
370 3568 461 3621 sarculi
478 3567 602 3622 homines
623 3582 717 3639 regere
736 3566 865 3624 debeant.
886 3567 916 3624 Si
929 3567 1002 3624 caim
1053 3550 1087 3606 33
1101 3548 1372 3618 33333383331333333
1389 3545 1520 3617 3333333833
1538 3559 1555 3599 3
1578 3546 1694 3600 33333333
1708 3544 1782 3599 33333
1798 3559 1846 3600 33·

216 3655 334 3725 primum
351 3658 555 3714 consideremus
568 3668 712 3730 parentum
740 3661 861 3731 ipsorum
885 3661 1004 3717 deuotio·
1054 3642 1139 3698 333333
1155 3642 1235 3712 (13333
1249 3655 1264 3693 3
1279 3639 1460 3694 33333333333
1479 3648 1507 3693 33
1531 3652 1546 3691 3
1565 3636 1742 3707 3333333333
1766 3636 1846 3708 quasi

215 3763 291 3810 ruera,
307 3749 354 3818 qui
370 3748 441 3806 lilios
468 3765 534 3807 suos
558 3751 725 3809 erudiendos
751 3753 779 3807 in
800 3753 916 3809 ccclesia
938 3752 1005 3809 ode·
1055 3752 1071 3790 3
1099 3735 1162 3791 iiiiii
1184 3735 1277 3789 33333
1304 3731 1443 3805 3333133333
1474 3737 1637 3803 [3333333333
1659 3727 1774 3803 33633333
1797 3745 1847 3801 133·

217 3846 299 3904 runt,
315 3847 343 3893 et
355 3839 379 3893 si
396 3840 552 3896 intueamur
569 3843 664 3914 quales
690 3852 784 3899 sancta
805 3842 927 3900 Ecclesia
943 3851 1005 3916 post
1055 3829 1146 3900 pulos.

214 3946 296 3986 suam
317 3932 469 3988 doctrinam
496 3932 606 3990 eosdem
627 3934 751 4005 postulet
765 3932 799 3989 ad
814 3933 916 4005 gradm
929 3932 1005 3989 ordi-
1091 3920 1136 3976 35·
1162 3917 1191 3975 Si
1213 3928 1304 3974 autem
1323 3918 1451 3989 33333333
1469 3932 1485 3972 3
1500 3932 1544 3973 333
1561 3916 1596 3973 33
1612 3916 1667 3974 iiii·
1680 3915 1729 3989 (133
1742 3916 1849 3973 sulum·

215 4038 283 4079 nup.
295 4023 512 4095 promovendos,
535 4024 688 4098 intelligere
702 4025 854 4096 poterimus
881 4040 930 4080 ρος
950 4038 1005 4079 ῃοῃ
1055 4013 1139 4069 modo
1153 4013 1248 4069 cleriei
1265 4020 1400 4069 uocantur
1415 4018 1443 4070 ct
1460 4011 1586 4068 carronici
1605 4026 1660 4066 non
1683 4021 1758 4076 sunt,
1773 4026 1848 4083 quo·

216 4115 501 4173 saecrtlariterdelnme
523 4116 626 4179 virere,
643 4117 690 4187 qui
715 4116 776 4172 ideo
800 4117 947 4184 docentur,
975 4125 1006 4173 ut
1057 4105 1140 4161 33333
1165 4106 1257 4161 iiim
1276 4105 1406 4169 debeant,
1425 4108 1608 4177 3383333333
1636 4103 1795 4176 3333333333
1816 4105 1850 4157 33·

218 4208 406 4277 speculatores
420 4204 518 4260 domum
543 4202 629 4260 lsrael
654 4205 828 4275 postmodum
857 4214 1005 4278 ponantur.
1057 4199 1138 4254 illum
1160 4199 1193 4255 ad
1211 4199 1409 4270 ii'tiltiisstmms
1438 4211 1467 4254 et
1479 4200 1561 4254 fllium
1576 4198 1698 4267 31333333
1716 4197 1750 4252 33
1764 4196 1849 4253 (3333·

220 4295 275 4353 seu
292 4310 341 4351 aec
362 4295 428 4349 illud
444 4297 627 4352 urruittendum
648 4303 702 4363 est,
719 4300 793 4369 quod
813 4298 862 4353 sulii
888 4298 1006 4363 blesam,
1057 4310 1131 4350 num.
1153 4293 1224 4366 Lege
1242 4294 1325 4349 etiam
1351 4293 1448 4349 isidori
1471 4293 1593 4350 libellum
1606 4291 1645 4347 De
1662 4292 1848 4347 ecclesiasticis

222 4389 296 4444 sicut
309 4389 335 4441 in
351 4385 479 4441 ilumeris
494 4388 604 4459 legitur,
621 4391 713 4443 omnia
730 4404 795 4444 uasa
810 4398 837 4445 et
853 4391 1009 4461 supelleeti·
1057 4387 1161 4457 officiis,
1178 4397 1204 4442 et
1218 4386 1314 4442 uidere
1325 4387 1428 4457 poteris
1440 4385 1560 4456 qualiter
1578 4401 1609 4442 se
1623 4401 1705 4457 agere
1718 4385 1847 4441 debeant.

222 4486 275 4537 lem
305 4479 338 4533 ad
369 4495 512 4535 nunrerum
528 4480 700 4550 accipiebam
718 4483 1009 4538 euarrcuterisoneri-
1064 4475 1119 4532 Sed
1138 4485 1168 4530 ut
1183 4476 1217 4532 ad
1231 4476 1424 4532 canonicosde
1434 4476 1536 4546 quibus
1550 4476 1630 4532 nobis
1641 4490 1734 4532 sermo
1749 4483 1849 4532 estre·

220 4574 284 4638 bus,
301 4574 396 4643 sieque
407 4573 563 4644 portabant.
579 4573 629 4630 llic
644 4575 760 4647 intelligi
776 4583 866 4647 potest
879 4577 960 4632 eriam
975 4577 1006 4631 ιι.
1058 4567 1184 4632 deamus,
1198 4567 1309 4623 neillud
1321 4567 1433 4638 quidem
1443 4565 1624 4621 omittendum
1639 4566 1778 4637 estquod
1794 4565 1849 4621 duo

221 4663 268 4718 lud
283 4662 354 4733 quoa
370 4663 497 4733 suipertus
512 4679 548 4718 ne
563 4664 625 4721 aliis
640 4665 751 4722 familiis
765 4664 878 4723 muilier
903 4667 1009 4723 ordinis
1025 4667 1167 4760 Dtamum
1182 4661 1304 4731 plaustra
1318 4667 1346 4716 et
1361 4666 1481 4730 quatuor
1496 4660 1581 4715 bores
1598 4658 1663 4715 iliis
1682 4657 1790 4716 Germa
1813 4659 1849 4714 al

221 4753 424 4818 dixmms,licet
439 4753 482 4808 liic
501 4769 556 4808 nou
570 4763 665 4826 aperte
680 4755 907 4827 tolerarunquod
924 4773 1009 4812 tanus·
1060 4753 1210 4810 deserenda
1224 4769 1310 4810 onera
1324 4754 1381 4810 dati
1396 4762 1471 4811 sunt.
1493 4751 1543 4809 iiis
1557 4761 1660 4816 autem,
1686 4752 1714 4809 id
1727 4757 1773 4809 est
1785 4751 1851 4808 tiliis

221 4844 338 4915 quisquc
361 4859 410 4915 pru
423 4843 486 4899 ritae
504 4845 604 4899 merito
632 4844 751 4901 officium
780 4848 808 4904 ia
830 4849 1009 4905 tabernaculo
1061 4845 1170 4909 iterari,
1187 4862 1213 4900 ru
1226 4846 1348 4918 plaustra
1363 4855 1391 4904 et
1403 4862 1452 4902 νιιι
1466 4847 1551 4902 bores
1566 4847 1670 4901 tributa
1688 4852 1764 4902 sunt.
1784 4843 1853 4900 For·

222 4936 269 4992 liei
297 4937 451 4992 sortiretur.
480 4936 574 5009 Neque
598 4938 671 4994 enim
693 4939 800 4995 aestimo
816 4943 868 4997 sibi
883 4941 1009 4998 corrierri
1061 4939 1132 4994 sitan
1146 4937 1218 4992 enim
1238 4951 1287 5007 per
1307 4937 1359 4993 boc
1385 4936 1553 5002 ostenditur,
1579 4936 1732 5008 quiasieut
1748 4935 1851 4992 Gerso·

222 5027 320 5084 debere
335 5030 440 5099 eosqui
457 5029 565 5085 tabulas
589 5031 760 5086 tabernaculi
778 5040 805 5087 et
820 5034 901 5090 bases
922 5042 949 5089 et
962 5048 1010 5090 co-
1060 5031 1125 5085 nitae
1140 5031 1232 5085 minus
1250 5038 1358 5085 terrena
1373 5030 1519 5092 erambants
1543 5017 1677 5086 erminus
1697 5043 1713 5082 ³
1731 5031 1851 5085 tellonis

223 5118 332 5174 lamnas
347 5126 374 5173 et
398 5134 464 5175 vasa
490 5119 624 5185 terebant,
640 5128 667 5176 et
682 5136 730 5176 eos
746 5121 794 5191 qui
813 5124 1010 5194 supellectilem
1061 5123 1218 5178 bominibus
1231 5123 1418 5194 recipiebant;
1435 5122 1476 5178 sic
1492 5122 1620 5178 canonici
1642 5121 1691 5192 qui
1705 5120 1787 5191 juxta
1801 5121 1849 5176 iro-

223 5211 251 5266 in
270 5212 421 5266 ministerio
440 5212 642 5283 suscipiebant:
667 5213 716 5268 sed
736 5215 818 5269 etiam
835 5215 901 5271 illud
915 5215 1011 5271 uiden·
1061 5216 1150 5271 taines
1173 5223 1250 5278 uiuunt,
1263 5231 1334 5286 quos
1358 5232 1407 5287 per
1422 5215 1586 5273 Gersonitas
1601 5215 1753 5287 signiticari
1769 5228 1852 5286 posse

224 5303 290 5358 duum
304 5310 358 5367 est,
385 5305 459 5374 qnol
488 5305 546 5360 baee
561 5303 665 5360 iamilia
681 5320 743 5360 cum
758 5305 932 5377 dignioribus
952 5306 1012 5363 om·
1061 5306 1198 5373 diximus,
1214 5309 1279 5379 quia
1293 5309 1384 5363 miuus
1400 5316 1507 5364 murena
1524 5314 1634 5369 curant,
1660 5307 1754 5362 urinas
1767 5320 1783 5360 a
1796 5314 1851 5362 ter·

225 5396 277 5450 ciis
292 5394 373 5450 etiam
390 5395 587 5465 supellectilem
607 5397 791 5470 accipiebant,
807 5405 837 5453 ut
859 5398 1012 5471 intelligant
1061 5399 1137 5455 renis
1151 5400 1298 5471 recipiunt.
1311 5400 1373 5456 Filii
1385 5411 1476 5456 autem
1494 5400 1605 5465 iterari,
1618 5400 1665 5471 qui
1681 5401 1746 5454 illos
1766 5414 1854 5454 carro-

226 5489 253 5542 bi
272 5488 372 5558 quibus
401 5489 472 5543 itane
490 5488 1011 5562 Leuitarumtamiliamcomparamus,
1062 5492 1139 5548 nicos
1161 5494 1328 5566 signiticant,
1354 5493 1401 5564 qui
1430 5493 1465 5549 de
1489 5493 1669 5549 saecularibus
1693 5490 1853 5548 bominibus

225 5582 268 5636 sui
284 5579 365 5635 officii
381 5597 454 5646 esse,
472 5590 502 5636 ut
516 5583 586 5637 nibil
605 5585 677 5655 quod
693 5583 838 5639 minimum
859 5583 895 5640 sit
914 5583 941 5639 in
964 5600 1012 5640 ec-
1062 5587 1151 5658 magis
1164 5586 1252 5642 sollici
1267 5596 1341 5650 sunt,
1355 5586 1434 5656 plura
1456 5585 1615 5655 adiumenta
1631 5601 1647 5640 a
1670 5583 1854 5642 saecularibus

225 5673 320 5736 elesia,
335 5672 408 5744 quod
429 5672 462 5728 ad
481 5689 511 5730 se
531 5675 572 5730 uel
592 5676 756 5749 adpopulos
776 5675 829 5733 sibi
849 5677 1013 5733 commissos
1064 5678 1214 5750 accipiunt,
1234 5685 1261 5734 et
1286 5693 1336 5749 per
1355 5678 1408 5734 boc
1425 5678 1488 5733 illua
1503 5676 1639 5744 iudicant,
1666 5677 1714 5748 qai
1738 5676 1854 5734 sauta-

225 5764 372 5837 pertineat,
399 5764 498 5820 debere
524 5769 678 5834 contemni;
712 5769 760 5826 sed
790 5785 897 5826 summo
921 5770 1013 5826 studio
1064 5772 1136 5827 rium
1165 5770 1347 5842 multiplicius
1376 5785 1473 5827 curam
1499 5779 1638 5844 gerentes,
1657 5771 1763 5842 majora
1780 5770 1855 5828 bona

225 5872 306 5930 agere
326 5865 356 5910 ut
370 5856 461 5914 omnia
475 5856 808 5916 ordinateetsecundum
833 5859 917 5916 ὓοιιιιι
935 5860 1012 5918 lant.
1065 5866 1226 5938 terusporalia
1241 5867 1276 5923 ab
1289 5867 1331 5924 eis
1344 5866 1494 5932 accipiunt.

207 5950 285 6016 ·Quo
305 5951 378 6006 euim
405 5965 488 6011 suaer
502 5951 595 6017 llitll'cs
621 5958 783 6023 potestatem
806 5954 955 6027 accipiunt,
980 5972 1014 6013 eo
1101 5958 1146 6014 oo.
1168 5956 1197 6014 Si
1213 5966 1304 6016 autem
1324 5961 1426 6018 tacitus
1439 5961 1502 6033 quis
1525 5959 1597 6032 apud
1614 5960 1795 6034 semetipsum
1814 5957 1854 6016 di·
