<?xml version="1.0" encoding="UTF-8"?>
<!DOCTYPE html PUBLIC "-//W3C//DTD XHTML 1.0 Transitional//EN"
    "http://www.w3.org/TR/xhtml1/DTD/xhtml1-transitional.dtd">
<html xmlns="http://www.w3.org/1999/xhtml" xml:lang="en" lang="en">
 <head>
  <title>
</title>
<meta http-equiv="Content-Type" content="text/html;charset=utf-8" />
  <meta name='ocr-system' content='tesseract 3.04.00' />
  <meta name='ocr-capabilities' content='ocr_page ocr_carea ocr_par ocr_line ocrx_word'/>
</head>
<body>
  <div class='ocr_page' id='page_1' title='image "./patrologiaecurs78unkngoog/patrologiaecurs78unkngoog_0056.png"; bbox 0 0 4350 6709; ppageno 0'>
   <div class='ocr_carea' id='block_1_1' title="bbox 356 527 1979 590">
    <p class='ocr_par' dir='ltr' id='par_1_1' title="bbox 356 527 1979 590">
     <span class='ocr_line' id='line_1_1' title="bbox 356 527 1979 590; baseline -0.001 0"><span class='ocrx_word' id='word_1_1' title='bbox 356 530 416 590; x_wconf 66' lang='grc'>108</span> <span class='ocrx_word' id='word_1_2' title='bbox 883 529 1019 587; x_wconf 81' lang='lat' dir='ltr'>slcnltnl</span> <span class='ocrx_word' id='word_1_3' title='bbox 1038 529 1280 587; x_wconf 73' lang='lat' dir='ltr'>cnudotlssllSls</span> <span class='ocrx_word' id='word_1_4' title='bbox 1298 527 1453 586; x_wconf 78' lang='lat' dir='ltr'>nutscort</span> <span class='ocrx_word' id='word_1_5' title='bbox 1923 532 1979 588; x_wconf 82' lang='lat' dir='ltr'>lot</span> 
     </span>
    </p>
   </div>
   <div class='ocr_carea' id='block_1_2' title="bbox 324 643 2014 5785">
    <p class='ocr_par' dir='ltr' id='par_1_2' title="bbox 344 643 1981 2735">
     <span class='ocr_line' id='line_1_2' title="bbox 355 643 1981 718; baseline -0.001 -12"><span class='ocrx_word' id='word_1_6' title='bbox 355 667 417 717; x_wconf 87' lang='lat' dir='ltr'>nes,</span> <span class='ocrx_word' id='word_1_7' title='bbox 437 651 484 708; x_wconf 87' lang='lat' dir='ltr'>sed</span> <span class='ocrx_word' id='word_1_8' title='bbox 507 649 559 705; x_wconf 79' lang='lat' dir='ltr'>illae</span> <span class='ocrx_word' id='word_1_9' title='bbox 579 647 689 712; x_wconf 79' lang='lat' dir='ltr'>veteris,</span> <span class='ocrx_word' id='word_1_10' title='bbox 712 646 771 702; x_wconf 84' lang='lat' dir='ltr'>istae</span> <span class='ocrx_word' id='word_1_11' title='bbox 799 660 886 702; x_wconf 81' lang='lat' dir='ltr'>novae.</span> <span class='ocrx_word' id='word_1_12' title='bbox 906 643 1027 717; x_wconf 75' lang='lat' dir='ltr'><strong>Epistola</strong></span> <span class='ocrx_word' id='word_1_13' title='bbox 1056 646 1139 717; x_wconf 92' lang='lat' dir='ltr'>igitur</span> <span class='ocrx_word' id='word_1_14' title='bbox 1152 652 1176 710; x_wconf 65' lang='grc' dir='ltr'><strong>Α</strong></span> <span class='ocrx_word' id='word_1_15' title='bbox 1189 647 1225 702; x_wconf 87' lang='lat' dir='ltr'>cti</span> <span class='ocrx_word' id='word_1_16' title='bbox 1237 645 1354 718; x_wconf 75' lang='lat' dir='ltr'>Spiritus</span> <span class='ocrx_word' id='word_1_17' title='bbox 1368 647 1438 700; x_wconf 83' lang='lat' dir='ltr'>adsit</span> <span class='ocrx_word' id='word_1_18' title='bbox 1461 645 1536 700; x_wconf 78' lang='lat' dir='ltr'>arulis</span> <span class='ocrx_word' id='word_1_19' title='bbox 1557 647 1656 717; x_wconf 83' lang='lat' dir='ltr'>gratia.</span> <span class='ocrx_word' id='word_1_20' title='bbox 1674 644 1706 702; x_wconf 85' lang='lat' dir='ltr'>Et</span> <span class='ocrx_word' id='word_1_21' title='bbox 1728 643 1830 702; x_wconf 90' lang='lat' dir='ltr'>dicitur</span> <span class='ocrx_word' id='word_1_22' title='bbox 1848 649 1981 718; x_wconf 74' lang='lat' dir='ltr'>graduale</span> 
     </span>
     <span class='ocr_line' id='line_1_3' title="bbox 354 736 1979 812; baseline -0.002 -12"><span class='ocrx_word' id='word_1_23' title='bbox 354 752 397 800; x_wconf 89' lang='lat' dir='ltr'>est</span> <span class='ocrx_word' id='word_1_24' title='bbox 410 743 511 798; x_wconf 85' lang='lat' dir='ltr'>uicaria</span> <span class='ocrx_word' id='word_1_25' title='bbox 522 742 623 812; x_wconf 88' lang='lat' dir='ltr'>legisct</span> <span class='ocrx_word' id='word_1_26' title='bbox 637 739 839 810; x_wconf 79' lang='lat' dir='ltr'>prophetiarum</span> <span class='ocrx_word' id='word_1_27' title='bbox 853 749 916 794; x_wconf 91' lang='lat' dir='ltr'>ante</span> <span class='ocrx_word' id='word_1_28' title='bbox 926 748 1143 795; x_wconf 87' lang='lat' dir='ltr'>sanctumevan·</span> <span class='ocrx_word' id='word_1_29' title='bbox 1191 753 1208 793; x_wconf 92' lang='lat' dir='ltr'>a</span> <span class='ocrx_word' id='word_1_30' title='bbox 1227 738 1367 810; x_wconf 85' lang='lat' dir='ltr'>gradibus,</span> <span class='ocrx_word' id='word_1_31' title='bbox 1393 736 1420 792; x_wconf 92' lang='lat' dir='ltr'>io</span> <span class='ocrx_word' id='word_1_32' title='bbox 1434 737 1536 809; x_wconf 87' lang='lat' dir='ltr'>quibus</span> <span class='ocrx_word' id='word_1_33' title='bbox 1551 747 1687 806; x_wconf 78' lang='lat' dir='ltr'>carrmtur,</span> <span class='ocrx_word' id='word_1_34' title='bbox 1701 738 1744 794; x_wconf 89' lang='lat' dir='ltr'>vel</span> <span class='ocrx_word' id='word_1_35' title='bbox 1758 739 1822 811; x_wconf 89' lang='lat' dir='ltr'>quia</span> <span class='ocrx_word' id='word_1_36' title='bbox 1843 741 1979 810; x_wconf 77' lang='lat' dir='ltr'>gradatim</span> 
     </span>
     <span class='ocr_line' id='line_1_4' title="bbox 354 828 1980 906; baseline -0.001 -16"><span class='ocrx_word' id='word_1_37' title='bbox 354 836 464 906; x_wconf 86' lang='lat' dir='ltr'>getium,</span> <span class='ocrx_word' id='word_1_38' title='bbox 483 831 617 904; x_wconf 85' lang='lat' dir='ltr'>praeconis</span> <span class='ocrx_word' id='word_1_39' title='bbox 631 845 727 902; x_wconf 88' lang='lat' dir='ltr'>gerens</span> <span class='ocrx_word' id='word_1_40' title='bbox 746 830 875 886; x_wconf 83' lang='lat' dir='ltr'>officium.</span> <span class='ocrx_word' id='word_1_41' title='bbox 889 828 1031 886; x_wconf 81' lang='lat' dir='ltr'>Pracessit</span> <span class='ocrx_word' id='word_1_42' title='bbox 1049 830 1142 900; x_wconf 88' lang='lat' dir='ltr'>itaque</span> <span class='ocrx_word' id='word_1_43' title='bbox 1191 828 1298 884; x_wconf 87' lang='lat' dir='ltr'>canitur</span> <span class='ocrx_word' id='word_1_44' title='bbox 1314 847 1320 884; x_wconf 95' lang='lat'><strong>:</strong></span> <span class='ocrx_word' id='word_1_45' title='bbox 1337 828 1409 885; x_wconf 88' lang='lat' dir='ltr'>idom</span> <span class='ocrx_word' id='word_1_46' title='bbox 1424 843 1534 899; x_wconf 84' lang='lat' dir='ltr'>quoque</span> <span class='ocrx_word' id='word_1_47' title='bbox 1561 829 1768 900; x_wconf 90' lang='lat' dir='ltr'>responsorium</span> <span class='ocrx_word' id='word_1_48' title='bbox 1788 830 1898 897; x_wconf 91' lang='lat' dir='ltr'>dicitur,</span> <span class='ocrx_word' id='word_1_49' title='bbox 1914 832 1980 902; x_wconf 90' lang='lat' dir='ltr'>quia</span> 
     </span>
     <span class='ocr_line' id='line_1_5' title="bbox 353 921 1979 994; baseline 0.001 -15"><span class='ocrx_word' id='word_1_50' title='bbox 353 921 397 979; x_wconf 84' lang='lat' dir='ltr'>lex</span> <span class='ocrx_word' id='word_1_51' title='bbox 430 921 616 994; x_wconf 80' lang='lat' dir='ltr'>Erangelium,</span> <span class='ocrx_word' id='word_1_52' title='bbox 637 922 708 977; x_wconf 89' lang='lat' dir='ltr'>sicut</span> <span class='ocrx_word' id='word_1_53' title='bbox 730 936 818 991; x_wconf 76' lang='lat' dir='ltr'>praeco</span> <span class='ocrx_word' id='word_1_54' title='bbox 839 921 970 991; x_wconf 84' lang='lat' dir='ltr'>judicem,</span> <span class='ocrx_word' id='word_1_55' title='bbox 985 922 1066 978; x_wconf 91' lang='lat' dir='ltr'>timor</span> <span class='ocrx_word' id='word_1_56' title='bbox 1076 922 1142 978; x_wconf 80' lang='lat' dir='ltr'>cha·</span> <span class='ocrx_word' id='word_1_57' title='bbox 1190 921 1335 991; x_wconf 78' lang='lat' dir='ltr'>respondet</span> <span class='ocrx_word' id='word_1_58' title='bbox 1354 921 1536 993; x_wconf 72' lang='lat' dir='ltr'>praedictioni,</span> <span class='ocrx_word' id='word_1_59' title='bbox 1560 921 1603 976; x_wconf 85' lang='lat' dir='ltr'>rel</span> <span class='ocrx_word' id='word_1_60' title='bbox 1621 922 1683 993; x_wconf 86' lang='lat' dir='ltr'>quia</span> <span class='ocrx_word' id='word_1_61' title='bbox 1699 922 1766 978; x_wconf 88' lang='lat' dir='ltr'>illud</span> <span class='ocrx_word' id='word_1_62' title='bbox 1780 922 1979 994; x_wconf 85' lang='lat' dir='ltr'>incipientibus</span> 
     </span>
     <span class='ocr_line' id='line_1_6' title="bbox 352 1012 1977 1091; baseline -0.001 -19"><span class='ocrx_word' id='word_1_63' title='bbox 352 1019 471 1083; x_wconf 89' lang='lat' dir='ltr'>ritatem,</span> <span class='ocrx_word' id='word_1_64' title='bbox 495 1015 603 1071; x_wconf 91' lang='lat' dir='ltr'>initium</span> <span class='ocrx_word' id='word_1_65' title='bbox 630 1012 844 1091; x_wconf 76' lang='lat' dir='ltr'>perfectionem,</span> <span class='ocrx_word' id='word_1_66' title='bbox 873 1014 945 1071; x_wconf 90' lang='lat' dir='ltr'>actio</span> <span class='ocrx_word' id='word_1_67' title='bbox 969 1015 1140 1086; x_wconf 87' lang='lat' dir='ltr'>contempla·</span> <span class='ocrx_word' id='word_1_68' title='bbox 1190 1013 1336 1083; x_wconf 86' lang='lat' dir='ltr'>respondet</span> <span class='ocrx_word' id='word_1_69' title='bbox 1354 1013 1465 1076; x_wconf 86' lang='lat' dir='ltr'>chorus,</span> <span class='ocrx_word' id='word_1_70' title='bbox 1481 1012 1523 1068; x_wconf 87' lang='lat' dir='ltr'>vel</span> <span class='ocrx_word' id='word_1_71' title='bbox 1549 1012 1614 1083; x_wconf 85' lang='lat' dir='ltr'>quia</span> <span class='ocrx_word' id='word_1_72' title='bbox 1628 1013 1774 1083; x_wconf 89' lang='lat' dir='ltr'>respondet</span> <span class='ocrx_word' id='word_1_73' title='bbox 1787 1014 1891 1071; x_wconf 89' lang='lat' dir='ltr'>versui.</span> <span class='ocrx_word' id='word_1_74' title='bbox 1908 1012 1977 1070; x_wconf 82' lang='lat' dir='ltr'>ver-</span> 
     </span>
     <span class='ocr_line' id='line_1_7' title="bbox 352 1099 1980 1179; baseline -0.003 -16"><span class='ocrx_word' id='word_1_75' title='bbox 352 1108 469 1175; x_wconf 92' lang='lat' dir='ltr'>tioncm,</span> <span class='ocrx_word' id='word_1_76' title='bbox 493 1123 565 1179; x_wconf 78' lang='lat' dir='ltr'>quae,</span> <span class='ocrx_word' id='word_1_77' title='bbox 580 1109 705 1179; x_wconf 84' lang='lat' dir='ltr'>quamvls</span> <span class='ocrx_word' id='word_1_78' title='bbox 729 1123 799 1179; x_wconf 83' lang='lat' dir='ltr'>saepe</span> <span class='ocrx_word' id='word_1_79' title='bbox 812 1107 846 1163; x_wconf 91' lang='lat' dir='ltr'>de</span> <span class='ocrx_word' id='word_1_80' title='bbox 859 1106 969 1179; x_wconf 82' lang='lat' dir='ltr'>scriptis</span> <span class='ocrx_word' id='word_1_81' title='bbox 983 1107 1142 1178; x_wconf 84' lang='lat' dir='ltr'>apostolicis</span> <span class='ocrx_word' id='word_1_82' title='bbox 1190 1114 1239 1155; x_wconf 88' lang='lat' dir='ltr'>sus</span> <span class='ocrx_word' id='word_1_83' title='bbox 1258 1110 1376 1156; x_wconf 89' lang='lat' dir='ltr'>autema</span> <span class='ocrx_word' id='word_1_84' title='bbox 1391 1099 1544 1169; x_wconf 65' lang='lat' dir='ltr'>vertunum,</span> <span class='ocrx_word' id='word_1_85' title='bbox 1569 1099 1633 1172; x_wconf 88' lang='lat' dir='ltr'>quia</span> <span class='ocrx_word' id='word_1_86' title='bbox 1653 1101 1768 1156; x_wconf 88' lang='lat' dir='ltr'>vertitur</span> <span class='ocrx_word' id='word_1_87' title='bbox 1781 1102 1815 1156; x_wconf 91' lang='lat' dir='ltr'>ad</span> <span class='ocrx_word' id='word_1_88' title='bbox 1830 1117 1980 1174; x_wconf 89' lang='lat' dir='ltr'>responso-</span> 
     </span>
     <span class='ocr_line' id='line_1_8' title="bbox 351 1190 1979 1269; baseline -0.001 -15"><span class='ocrx_word' id='word_1_89' title='bbox 351 1206 518 1264; x_wconf 88' lang='lat' dir='ltr'>assdmatur,</span> <span class='ocrx_word' id='word_1_90' title='bbox 549 1197 577 1253; x_wconf 91' lang='lat' dir='ltr'>iu</span> <span class='ocrx_word' id='word_1_91' title='bbox 603 1206 743 1253; x_wconf 90' lang='lat' dir='ltr'>eotamen</span> <span class='ocrx_word' id='word_1_92' title='bbox 759 1197 844 1269; x_wconf 88' lang='lat' dir='ltr'>gradu</span> <span class='ocrx_word' id='word_1_93' title='bbox 866 1206 919 1264; x_wconf 90' lang='lat' dir='ltr'>est,</span> <span class='ocrx_word' id='word_1_94' title='bbox 948 1212 980 1252; x_wconf 90' lang='lat' dir='ltr'>ac</span> <span class='ocrx_word' id='word_1_95' title='bbox 998 1197 1022 1252; x_wconf 92' lang='lat' dir='ltr'>si</span> <span class='ocrx_word' id='word_1_96' title='bbox 1034 1211 1141 1268; x_wconf 85' lang='lat' dir='ltr'>semper</span> <span class='ocrx_word' id='word_1_97' title='bbox 1190 1192 1274 1248; x_wconf 85' lang='lat' dir='ltr'>rium.</span> <span class='ocrx_word' id='word_1_98' title='bbox 1297 1190 1414 1248; x_wconf 79' lang='lat' dir='ltr'>Tractus</span> <span class='ocrx_word' id='word_1_99' title='bbox 1437 1194 1619 1259; x_wconf 85' lang='lat' dir='ltr'>atralrendo,</span> <span class='ocrx_word' id='word_1_100' title='bbox 1642 1195 1706 1266; x_wconf 88' lang='lat' dir='ltr'>quia</span> <span class='ocrx_word' id='word_1_101' title='bbox 1718 1194 1825 1250; x_wconf 89' lang='lat' dir='ltr'>tractim</span> <span class='ocrx_word' id='word_1_102' title='bbox 1839 1204 1979 1268; x_wconf 88' lang='lat' dir='ltr'>cantatur,</span> 
     </span>
     <span class='ocr_line' id='line_1_9' title="bbox 351 1284 1979 1365; baseline 0.002 -22"><span class='ocrx_word' id='word_1_103' title='bbox 351 1287 386 1343; x_wconf 91' lang='lat' dir='ltr'>de</span> <span class='ocrx_word' id='word_1_104' title='bbox 413 1288 471 1358; x_wconf 90' lang='lat' dir='ltr'>lege</span> <span class='ocrx_word' id='word_1_105' title='bbox 499 1287 541 1343; x_wconf 88' lang='lat' dir='ltr'>vel</span> <span class='ocrx_word' id='word_1_106' title='bbox 577 1287 773 1365; x_wconf 84' lang='lat' dir='ltr'>prophetarum</span> <span class='ocrx_word' id='word_1_107' title='bbox 801 1288 941 1359; x_wconf 75' lang='lat' dir='ltr'>praeconio</span> <span class='ocrx_word' id='word_1_108' title='bbox 966 1296 1138 1356; x_wconf 80' lang='lat' dir='ltr'>sumeretur3</span> <span class='ocrx_word' id='word_1_109' title='bbox 1193 1284 1274 1355; x_wconf 77' lang='lat' dir='ltr'>curios</span> <span class='ocrx_word' id='word_1_110' title='bbox 1290 1284 1324 1340; x_wconf 88' lang='lat' dir='ltr'>ad</span> <span class='ocrx_word' id='word_1_111' title='bbox 1349 1285 1440 1355; x_wconf 89' lang='lat' dir='ltr'>ipsum</span> <span class='ocrx_word' id='word_1_112' title='bbox 1461 1285 1577 1343; x_wconf 86' lang='lat' dir='ltr'>vertitur</span> <span class='ocrx_word' id='word_1_113' title='bbox 1597 1301 1710 1354; x_wconf 86' lang='lat' dir='ltr'>versus;</span> <span class='ocrx_word' id='word_1_114' title='bbox 1731 1287 1843 1344; x_wconf 86' lang='lat' dir='ltr'>alleluia</span> <span class='ocrx_word' id='word_1_115' title='bbox 1869 1289 1979 1348; x_wconf 78' lang='lat' dir='ltr'>laudate</span> 
     </span>
     <span class='ocr_line' id='line_1_10' title="bbox 352 1376 1979 1451; baseline 0.002 -17"><span class='ocrx_word' id='word_1_116' title='bbox 352 1378 546 1448; x_wconf 69' lang='lat' dir='ltr'>semper‘enim</span> <span class='ocrx_word' id='word_1_117' title='bbox 560 1378 773 1448; x_wconf 82' lang='lat' dir='ltr'>praecursionem</span> <span class='ocrx_word' id='word_1_118' title='bbox 796 1379 907 1451; x_wconf 88' lang='lat' dir='ltr'>dgurat,</span> <span class='ocrx_word' id='word_1_119' title='bbox 918 1380 1098 1436; x_wconf 86' lang='lat' dir='ltr'>moralitatem</span> <span class='ocrx_word' id='word_1_120' title='bbox 1113 1388 1140 1435; x_wconf 94' lang='lat' dir='ltr'>et</span> <span class='ocrx_word' id='word_1_121' title='bbox 1191 1376 1293 1441; x_wconf 82' lang='lat' dir='ltr'>licum;</span> <span class='ocrx_word' id='word_1_122' title='bbox 1309 1377 1403 1445; x_wconf 92' lang='lat' dir='ltr'>allelu,</span> <span class='ocrx_word' id='word_1_123' title='bbox 1425 1377 1545 1445; x_wconf 70' lang='lat' dir='ltr'>laudate·</span> <span class='ocrx_word' id='word_1_124' title='bbox 1568 1379 1605 1446; x_wconf 89' lang='lat' dir='ltr'>ia,</span> <span class='ocrx_word' id='word_1_125' title='bbox 1618 1394 1704 1435; x_wconf 91' lang='lat' dir='ltr'>unum</span> <span class='ocrx_word' id='word_1_126' title='bbox 1720 1390 1761 1435; x_wconf 89' lang='lat' dir='ltr'>est</span> <span class='ocrx_word' id='word_1_127' title='bbox 1774 1381 1808 1437; x_wconf 89' lang='lat' dir='ltr'>de</span> <span class='ocrx_word' id='word_1_128' title='bbox 1822 1382 1915 1437; x_wconf 89' lang='lat' dir='ltr'>decem</span> <span class='ocrx_word' id='word_1_129' title='bbox 1927 1399 1979 1439; x_wconf 91' lang='lat' dir='ltr'>no-</span> 
     </span>
     <span class='ocr_line' id='line_1_11' title="bbox 350 1467 1978 1544; baseline 0.005 -22"><span class='ocrx_word' id='word_1_130' title='bbox 350 1469 488 1523; x_wconf 88' lang='lat' dir='ltr'>actionem</span> <span class='ocrx_word' id='word_1_131' title='bbox 503 1467 636 1535; x_wconf 85' lang='lat' dir='ltr'>insinuat,</span> <span class='ocrx_word' id='word_1_132' title='bbox 661 1477 688 1524; x_wconf 90' lang='lat' dir='ltr'>et</span> <span class='ocrx_word' id='word_1_133' title='bbox 713 1477 818 1525; x_wconf 91' lang='lat' dir='ltr'>tantum</span> <span class='ocrx_word' id='word_1_134' title='bbox 833 1471 917 1526; x_wconf 86' lang='lat' dir='ltr'>distat</span> <span class='ocrx_word' id='word_1_135' title='bbox 929 1470 965 1526; x_wconf 84' lang='lat' dir='ltr'>alr</span> <span class='ocrx_word' id='word_1_136' title='bbox 978 1471 1137 1544; x_wconf 85' lang='lat' dir='ltr'>evangelica</span> <span class='ocrx_word' id='word_1_137' title='bbox 1188 1469 1309 1526; x_wconf 87' lang='lat' dir='ltr'>minibus</span> <span class='ocrx_word' id='word_1_138' title='bbox 1322 1468 1487 1537; x_wconf 86' lang='lat' dir='ltr'>Domini,·de</span> <span class='ocrx_word' id='word_1_139' title='bbox 1501 1471 1580 1542; x_wconf 83' lang='lat' dir='ltr'>cujus</span> <span class='ocrx_word' id='word_1_140' title='bbox 1594 1487 1675 1527; x_wconf 85' lang='lat' dir='ltr'>versu</span> <span class='ocrx_word' id='word_1_141' title='bbox 1692 1470 1726 1527; x_wconf 91' lang='lat' dir='ltr'>ad</span> <span class='ocrx_word' id='word_1_142' title='bbox 1741 1472 1850 1529; x_wconf 89' lang='lat' dir='ltr'>alleluia</span> <span class='ocrx_word' id='word_1_143' title='bbox 1866 1475 1978 1531; x_wconf 86' lang='lat' dir='ltr'>reverti·</span> 
     </span>
     <span class='ocr_line' id='line_1_12' title="bbox 350 1561 1977 1634; baseline 0.004 -19"><span class='ocrx_word' id='word_1_144' title='bbox 350 1561 503 1630; x_wconf 86' lang='lat' dir='ltr'>majestate,</span> <span class='ocrx_word' id='word_1_145' title='bbox 526 1570 659 1632; x_wconf 83' lang='lat' dir='ltr'>quantum</span> <span class='ocrx_word' id='word_1_146' title='bbox 675 1562 775 1619; x_wconf 90' lang='lat' dir='ltr'>actiua</span> <span class='ocrx_word' id='word_1_147' title='bbox 789 1562 1028 1634; x_wconf 81' lang='lat' dir='ltr'>contemplatione,</span> <span class='ocrx_word' id='word_1_148' title='bbox 1040 1578 1136 1619; x_wconf 86' lang='lat' dir='ltr'>servus</span> <span class='ocrx_word' id='word_1_149' title='bbox 1189 1576 1262 1629; x_wconf 83' lang='lat' dir='ltr'>mur,</span> <span class='ocrx_word' id='word_1_150' title='bbox 1277 1570 1303 1618; x_wconf 91' lang='lat' dir='ltr'>et</span> <span class='ocrx_word' id='word_1_151' title='bbox 1316 1571 1480 1619; x_wconf 84' lang='lat' dir='ltr'>revertentes</span> <span class='ocrx_word' id='word_1_152' title='bbox 1501 1563 1609 1632; x_wconf 81' lang='lat' dir='ltr'>neumis</span> <span class='ocrx_word' id='word_1_153' title='bbox 1631 1564 1743 1619; x_wconf 89' lang='lat' dir='ltr'>utimur.</span> <span class='ocrx_word' id='word_1_154' title='bbox 1758 1563 1808 1620; x_wconf 87' lang='lat' dir='ltr'>Est</span> <span class='ocrx_word' id='word_1_155' title='bbox 1821 1575 1911 1621; x_wconf 85' lang='lat' dir='ltr'>autem</span> <span class='ocrx_word' id='word_1_156' title='bbox 1922 1566 1977 1622; x_wconf 86' lang='lat' dir='ltr'>dil·</span> 
     </span>
     <span class='ocr_line' id='line_1_13' title="bbox 350 1651 1978 1727; baseline 0.003 -19"><span class='ocrx_word' id='word_1_157' title='bbox 350 1669 366 1708; x_wconf 90' lang='lat' dir='ltr'>a</span> <span class='ocrx_word' id='word_1_158' title='bbox 391 1652 518 1722; x_wconf 83' lang='lat' dir='ltr'>Domino,</span> <span class='ocrx_word' id='word_1_159' title='bbox 543 1668 633 1726; x_wconf 69' lang='lat' dir='ltr'>praeco</span> <span class='ocrx_word' id='word_1_160' title='bbox 650 1669 666 1709; x_wconf 95' lang='lat' dir='ltr'>a</span> <span class='ocrx_word' id='word_1_161' title='bbox 686 1654 789 1725; x_wconf 85' lang='lat' dir='ltr'>judice,</span> <span class='ocrx_word' id='word_1_162' title='bbox 810 1653 915 1726; x_wconf 88' lang='lat' dir='ltr'>legatus</span> <span class='ocrx_word' id='word_1_163' title='bbox 928 1654 963 1710; x_wconf 89' lang='lat' dir='ltr'>ab</span> <span class='ocrx_word' id='word_1_164' title='bbox 978 1670 1011 1711; x_wconf 91' lang='lat' dir='ltr'>eo</span> <span class='ocrx_word' id='word_1_165' title='bbox 1024 1655 1071 1726; x_wconf 85' lang='lat' dir='ltr'>qui</span> <span class='ocrx_word' id='word_1_166' title='bbox 1083 1656 1137 1710; x_wconf 88' lang='lat' dir='ltr'>mi·</span> <span class='ocrx_word' id='word_1_167' title='bbox 1188 1651 1302 1709; x_wconf 88' lang='lat' dir='ltr'>lerentia</span> <span class='ocrx_word' id='word_1_168' title='bbox 1317 1653 1387 1709; x_wconf 89' lang='lat' dir='ltr'>inter</span> <span class='ocrx_word' id='word_1_169' title='bbox 1408 1668 1510 1710; x_wconf 90' lang='lat' dir='ltr'>neuma</span> <span class='ocrx_word' id='word_1_170' title='bbox 1537 1668 1653 1717; x_wconf 80' lang='lat' dir='ltr'>neumae.</span> <span class='ocrx_word' id='word_1_171' title='bbox 1668 1662 1696 1710; x_wconf 91' lang='lat' dir='ltr'>et</span> <span class='ocrx_word' id='word_1_172' title='bbox 1708 1670 1826 1726; x_wconf 88' lang='lat' dir='ltr'>pneuma</span> <span class='ocrx_word' id='word_1_173' title='bbox 1845 1671 1978 1727; x_wconf 88' lang='lat' dir='ltr'>pneuma·</span> 
     </span>
     <span class='ocr_line' id='line_1_14' title="bbox 349 1744 1976 1818; baseline 0.002 -18"><span class='ocrx_word' id='word_1_174' title='bbox 349 1744 487 1800; x_wconf 89' lang='lat' dir='ltr'>altilium.</span> <span class='ocrx_word' id='word_1_175' title='bbox 518 1744 689 1817; x_wconf 73' lang='lat' dir='ltr'>Quapropter</span> <span class='ocrx_word' id='word_1_176' title='bbox 717 1761 781 1803; x_wconf 90' lang='lat' dir='ltr'>cum</span> <span class='ocrx_word' id='word_1_177' title='bbox 802 1745 917 1816; x_wconf 89' lang='lat' dir='ltr'>epistola</span> <span class='ocrx_word' id='word_1_178' title='bbox 942 1746 1050 1817; x_wconf 89' lang='lat' dir='ltr'>legitur,</span> <span class='ocrx_word' id='word_1_179' title='bbox 1077 1747 1138 1803; x_wconf 90' lang='lat' dir='ltr'>sine</span> <span class='ocrx_word' id='word_1_180' title='bbox 1188 1745 1241 1813; x_wconf 90' lang='lat' dir='ltr'>tis;</span> <span class='ocrx_word' id='word_1_181' title='bbox 1259 1760 1358 1801; x_wconf 88' lang='lat' dir='ltr'>neuma</span> <span class='ocrx_word' id='word_1_182' title='bbox 1386 1761 1503 1814; x_wconf 73' lang='lat' dir='ltr'>neumae,</span> <span class='ocrx_word' id='word_1_183' title='bbox 1527 1744 1648 1817; x_wconf 72' lang='lat' dir='ltr'>jubilus:</span> <span class='ocrx_word' id='word_1_184' title='bbox 1673 1762 1791 1817; x_wconf 85' lang='lat' dir='ltr'>pneuma</span> <span class='ocrx_word' id='word_1_185' title='bbox 1819 1749 1976 1818; x_wconf 84' lang='lat' dir='ltr'>pneumatis</span> 
     </span>
     <span class='ocr_line' id='line_1_15' title="bbox 349 1835 1975 1911; baseline 0.002 -19"><span class='ocrx_word' id='word_1_186' title='bbox 349 1836 449 1908; x_wconf 83' lang='lat' dir='ltr'>injuria</span> <span class='ocrx_word' id='word_1_187' title='bbox 472 1837 609 1906; x_wconf 84' lang='lat' dir='ltr'>sedemus,</span> <span class='ocrx_word' id='word_1_188' title='bbox 632 1838 680 1894; x_wconf 88' lang='lat' dir='ltr'>sed</span> <span class='ocrx_word' id='word_1_189' title='bbox 707 1838 772 1894; x_wconf 87' lang='lat' dir='ltr'>dum</span> <span class='ocrx_word' id='word_1_190' title='bbox 795 1837 973 1911; x_wconf 86' lang='lat' dir='ltr'>Evangelium</span> <span class='ocrx_word' id='word_1_191' title='bbox 998 1839 1136 1905; x_wconf 89' lang='lat' dir='ltr'>audimus,</span> <span class='ocrx_word' id='word_1_192' title='bbox 1187 1847 1230 1894; x_wconf 88' lang='lat' dir='ltr'>cst</span> <span class='ocrx_word' id='word_1_193' title='bbox 1251 1835 1367 1908; x_wconf 85' lang='lat' dir='ltr'>Spiritus</span> <span class='ocrx_word' id='word_1_194' title='bbox 1379 1835 1505 1893; x_wconf 81' lang='lat' dir='ltr'>Sanctus.</span> <span class='ocrx_word' id='word_1_195' title='bbox 1530 1836 1678 1909; x_wconf 85' lang='lat' dir='ltr'>Sequentia</span> <span class='ocrx_word' id='word_1_196' title='bbox 1693 1851 1758 1894; x_wconf 85' lang='lat' dir='ltr'>vero</span> <span class='ocrx_word' id='word_1_197' title='bbox 1778 1837 1975 1911; x_wconf 85' lang='lat' dir='ltr'>dicitur,qnia</span> 
     </span>
     <span class='ocr_line' id='line_1_16' title="bbox 350 1927 1976 2004; baseline 0.002 -20"><span class='ocrx_word' id='word_1_198' title='bbox 350 1927 477 1997; x_wconf 84' lang='lat' dir='ltr'>Domino,</span> <span class='ocrx_word' id='word_1_199' title='bbox 504 1930 775 1999; x_wconf 86' lang='lat' dir='ltr'>demissisrultibus,</span> <span class='ocrx_word' id='word_1_200' title='bbox 789 1940 945 1988; x_wconf 76' lang='lat' dir='ltr'>reverenter</span> <span class='ocrx_word' id='word_1_201' title='bbox 970 1931 1136 1988; x_wconf 81' lang='lat' dir='ltr'>assistimus.</span> <span class='ocrx_word' id='word_1_202' title='bbox 1188 1945 1315 1986; x_wconf 87' lang='lat' dir='ltr'>neumam</span> <span class='ocrx_word' id='word_1_203' title='bbox 1332 1930 1411 2001; x_wconf 71' lang='lat' dir='ltr'>lubili</span> <span class='ocrx_word' id='word_1_204' title='bbox 1436 1932 1571 2003; x_wconf 89' lang='lat' dir='ltr'>sequitur,</span> <span class='ocrx_word' id='word_1_205' title='bbox 1595 1938 1622 1985; x_wconf 90' lang='lat' dir='ltr'>et</span> <span class='ocrx_word' id='word_1_206' title='bbox 1649 1930 1748 1988; x_wconf 89' lang='lat' dir='ltr'>dicitur</span> <span class='ocrx_word' id='word_1_207' title='bbox 1769 1932 1911 2004; x_wconf 83' lang='lat' dir='ltr'>sequentia</span> <span class='ocrx_word' id='word_1_208' title='bbox 1931 1947 1976 1988; x_wconf 84' lang='lat' dir='ltr'>se·</span> 
     </span>
     <span class='ocr_line' id='line_1_17' title="bbox 347 2003 1975 2094; baseline 0.001 -18"><span class='ocrx_word' id='word_1_209' title='bbox 347 2018 422 2078; x_wconf 87' lang='lat' dir='ltr'>Usus</span> <span class='ocrx_word' id='word_1_210' title='bbox 436 2037 502 2078; x_wconf 90' lang='lat' dir='ltr'>vero</span> <span class='ocrx_word' id='word_1_211' title='bbox 526 2022 649 2091; x_wconf 89' lang='lat' dir='ltr'>sedendi,</span> <span class='ocrx_word' id='word_1_212' title='bbox 669 2037 685 2078; x_wconf 90' lang='lat' dir='ltr'>a</span> <span class='ocrx_word' id='word_1_213' title='bbox 711 2021 800 2079; x_wconf 84' lang='lat' dir='ltr'>Veteri</span> <span class='ocrx_word' id='word_1_214' title='bbox 818 2023 995 2080; x_wconf 83' lang='lat' dir='ltr'>Testamenta</span> <span class='ocrx_word' id='word_1_215' title='bbox 1016 2023 1137 2079; x_wconf 91' lang='lat' dir='ltr'>assumi·</span> <span class='ocrx_word' id='word_1_216' title='bbox 1152 2003 1173 2059; x_wconf 73' lang='grc' dir='ltr'><strong><em>Β</em></strong></span> <span class='ocrx_word' id='word_1_217' title='bbox 1188 2022 1323 2094; x_wconf 84' lang='lat' dir='ltr'>quentiae,</span> <span class='ocrx_word' id='word_1_218' title='bbox 1345 2031 1373 2078; x_wconf 90' lang='lat' dir='ltr'>et</span> <span class='ocrx_word' id='word_1_219' title='bbox 1386 2022 1431 2078; x_wconf 91' lang='lat' dir='ltr'>hic</span> <span class='ocrx_word' id='word_1_220' title='bbox 1444 2030 1472 2077; x_wconf 91' lang='lat' dir='ltr'>et</span> <span class='ocrx_word' id='word_1_221' title='bbox 1496 2022 1524 2078; x_wconf 94' lang='lat' dir='ltr'>in</span> <span class='ocrx_word' id='word_1_222' title='bbox 1543 2020 1700 2092; x_wconf 85' lang='lat' dir='ltr'>Evangelio,</span> <span class='ocrx_word' id='word_1_223' title='bbox 1715 2037 1797 2093; x_wconf 84' lang='lat' dir='ltr'>quam</span> <span class='ocrx_word' id='word_1_224' title='bbox 1812 2033 1839 2079; x_wconf 89' lang='lat' dir='ltr'>et</span> <span class='ocrx_word' id='word_1_225' title='bbox 1853 2038 1975 2094; x_wconf 87' lang='lat' dir='ltr'>prosam,</span> 
     </span>
     <span class='ocr_line' id='line_1_18' title="bbox 347 2111 1976 2185; baseline 0.002 -19"><span class='ocrx_word' id='word_1_226' title='bbox 347 2121 401 2176; x_wconf 89' lang='lat' dir='ltr'>tur,</span> <span class='ocrx_word' id='word_1_227' title='bbox 417 2111 488 2167; x_wconf 91' lang='lat' dir='ltr'>sicut</span> <span class='ocrx_word' id='word_1_228' title='bbox 501 2111 528 2166; x_wconf 95' lang='lat' dir='ltr'>in</span> <span class='ocrx_word' id='word_1_229' title='bbox 551 2111 637 2168; x_wconf 86' lang='lat' dir='ltr'>Esdra</span> <span class='ocrx_word' id='word_1_230' title='bbox 660 2112 760 2184; x_wconf 89' lang='lat' dir='ltr'>legitur</span> <span class='ocrx_word' id='word_1_231' title='bbox 775 2113 804 2182; x_wconf 90' lang='lat'>¹;</span> <span class='ocrx_word' id='word_1_232' title='bbox 819 2112 931 2185; x_wconf 80' lang='lat' dir='ltr'>quidam</span> <span class='ocrx_word' id='word_1_233' title='bbox 950 2122 1041 2168; x_wconf 92' lang='lat' dir='ltr'>tamen</span> <span class='ocrx_word' id='word_1_234' title='bbox 1059 2123 1135 2170; x_wconf 87' lang='lat' dir='ltr'>stant</span> <span class='ocrx_word' id='word_1_235' title='bbox 1187 2113 1214 2168; x_wconf 92' lang='lat' dir='ltr'>id</span> <span class='ocrx_word' id='word_1_236' title='bbox 1238 2122 1280 2169; x_wconf 90' lang='lat' dir='ltr'>est</span> <span class='ocrx_word' id='word_1_237' title='bbox 1294 2113 1403 2185; x_wconf 91' lang='lat' dir='ltr'>longam</span> <span class='ocrx_word' id='word_1_238' title='bbox 1425 2113 1507 2169; x_wconf 88' lang='lat' dir='ltr'>etiam</span> <span class='ocrx_word' id='word_1_239' title='bbox 1524 2113 1703 2184; x_wconf 82' lang='lat' dir='ltr'>appellamus.</span> <span class='ocrx_word' id='word_1_240' title='bbox 1720 2111 1798 2169; x_wconf 83' lang='lat' dir='ltr'>Sicut</span> <span class='ocrx_word' id='word_1_241' title='bbox 1812 2128 1860 2184; x_wconf 89' lang='lat' dir='ltr'>per</span> <span class='ocrx_word' id='word_1_242' title='bbox 1870 2113 1976 2184; x_wconf 87' lang='lat' dir='ltr'>episto·</span> 
     </span>
     <span class='ocr_line' id='line_1_19' title="bbox 346 2202 1975 2278; baseline 0.001 -17"><span class='ocrx_word' id='word_1_243' title='bbox 346 2204 380 2261; x_wconf 87' lang='lat' dir='ltr'>ad</span> <span class='ocrx_word' id='word_1_244' title='bbox 397 2203 534 2273; x_wconf 86' lang='lat' dir='ltr'>Epistulas</span> <span class='ocrx_word' id='word_1_245' title='bbox 553 2204 632 2260; x_wconf 86' lang='lat' dir='ltr'>Pauli</span> <span class='ocrx_word' id='word_1_246' title='bbox 654 2205 676 2273; x_wconf 91' lang='lat'>¹,</span> <span class='ocrx_word' id='word_1_247' title='bbox 702 2219 735 2261; x_wconf 93' lang='lat' dir='ltr'>eo</span> <span class='ocrx_word' id='word_1_248' title='bbox 757 2205 830 2276; x_wconf 84' lang='lat' dir='ltr'>quod</span> <span class='ocrx_word' id='word_1_249' title='bbox 856 2221 934 2261; x_wconf 90' lang='lat' dir='ltr'>suam</span> <span class='ocrx_word' id='word_1_250' title='bbox 963 2205 1136 2276; x_wconf 76' lang='lat' dir='ltr'>predtcatto-</span> <span class='ocrx_word' id='word_1_251' title='bbox 1186 2202 1240 2259; x_wconf 90' lang='lat' dir='ltr'>lam</span> <span class='ocrx_word' id='word_1_252' title='bbox 1255 2203 1438 2260; x_wconf 79' lang='lat' dir='ltr'>intelleximus</span> <span class='ocrx_word' id='word_1_253' title='bbox 1458 2202 1573 2260; x_wconf 84' lang='lat' dir='ltr'>loannis</span> <span class='ocrx_word' id='word_1_254' title='bbox 1595 2206 1835 2276; x_wconf 70' lang='lat' dir='ltr'>praedicationem,</span> <span class='ocrx_word' id='word_1_255' title='bbox 1849 2207 1889 2263; x_wconf 89' lang='lat' dir='ltr'>sic</span> <span class='ocrx_word' id='word_1_256' title='bbox 1903 2222 1975 2278; x_wconf 79' lang='lat' dir='ltr'>quio·</span> 
     </span>
     <span class='ocr_line' id='line_1_20' title="bbox 345 2294 1976 2371; baseline 0.002 -21"><span class='ocrx_word' id='word_1_257' title='bbox 345 2311 408 2352; x_wconf 88' lang='lat' dir='ltr'>nem</span> <span class='ocrx_word' id='word_1_258' title='bbox 427 2295 605 2367; x_wconf 85' lang='lat' dir='ltr'>Euangelium</span> <span class='ocrx_word' id='word_1_259' title='bbox 628 2296 790 2353; x_wconf 86' lang='lat' dir='ltr'>nominarit.</span> <span class='ocrx_word' id='word_1_260' title='bbox 806 2294 854 2353; x_wconf 84' lang='lat' dir='ltr'>Vel</span> <span class='ocrx_word' id='word_1_261' title='bbox 872 2296 993 2368; x_wconf 85' lang='lat' dir='ltr'>Epistola</span> <span class='ocrx_word' id='word_1_262' title='bbox 1007 2297 1136 2368; x_wconf 86' lang='lat' dir='ltr'>spiritua·</span> <span class='ocrx_word' id='word_1_263' title='bbox 1185 2310 1239 2367; x_wconf 87' lang='lat' dir='ltr'>que</span> <span class='ocrx_word' id='word_1_264' title='bbox 1256 2310 1304 2366; x_wconf 89' lang='lat' dir='ltr'>per</span> <span class='ocrx_word' id='word_1_265' title='bbox 1318 2295 1458 2368; x_wconf 87' lang='lat' dir='ltr'>graduale,</span> <span class='ocrx_word' id='word_1_266' title='bbox 1488 2296 1673 2368; x_wconf 89' lang='lat' dir='ltr'>apostolorum</span> <span class='ocrx_word' id='word_1_267' title='bbox 1699 2297 1819 2371; x_wconf 80' lang='lat' dir='ltr'>intellige</span> <span class='ocrx_word' id='word_1_268' title='bbox 1843 2299 1976 2370; x_wconf 78' lang='lat' dir='ltr'>pradica-</span> 
     </span>
     <span class='ocr_line' id='line_1_21' title="bbox 344 2385 1972 2460; baseline 0.004 -19"><span class='ocrx_word' id='word_1_269' title='bbox 344 2386 407 2442; x_wconf 89' lang='lat' dir='ltr'>liter</span> <span class='ocrx_word' id='word_1_270' title='bbox 418 2387 782 2459; x_wconf 68' lang='lat' dir='ltr'>signillcatprmdicationem</span> <span class='ocrx_word' id='word_1_271' title='bbox 793 2385 908 2445; x_wconf 84' lang='lat' dir='ltr'>loannis</span> <span class='ocrx_word' id='word_1_272' title='bbox 922 2386 1051 2459; x_wconf 79' lang='lat' dir='ltr'>Baptistae</span> <span class='ocrx_word' id='word_1_273' title='bbox 1064 2403 1134 2460; x_wconf 81' lang='lat' dir='ltr'>pra·</span> <span class='ocrx_word' id='word_1_274' title='bbox 1185 2388 1301 2454; x_wconf 91' lang='lat' dir='ltr'>tionem;</span> <span class='ocrx_word' id='word_1_275' title='bbox 1317 2396 1344 2443; x_wconf 90' lang='lat' dir='ltr'>et</span> <span class='ocrx_word' id='word_1_276' title='bbox 1358 2402 1407 2458; x_wconf 93' lang='lat' dir='ltr'>per</span> <span class='ocrx_word' id='word_1_277' title='bbox 1426 2386 1552 2454; x_wconf 75' lang='lat' dir='ltr'>alleluia,</span> <span class='ocrx_word' id='word_1_278' title='bbox 1568 2403 1632 2444; x_wconf 91' lang='lat' dir='ltr'>cum</span> <span class='ocrx_word' id='word_1_279' title='bbox 1654 2387 1800 2445; x_wconf 84' lang='lat' dir='ltr'>devotione</span> <span class='ocrx_word' id='word_1_280' title='bbox 1818 2397 1845 2446; x_wconf 90' lang='lat' dir='ltr'>et</span> <span class='ocrx_word' id='word_1_281' title='bbox 1871 2391 1972 2460; x_wconf 77' lang='lat' dir='ltr'>praedi·</span> 
     </span>
     <span class='ocr_line' id='line_1_22' title="bbox 345 2472 1970 2554; baseline 0.004 -21"><span class='ocrx_word' id='word_1_282' title='bbox 345 2477 467 2534; x_wconf 91' lang='lat' dir='ltr'>cursoris</span> <span class='ocrx_word' id='word_1_283' title='bbox 489 2477 609 2544; x_wconf 75' lang='lat' dir='ltr'>domini,</span> <span class='ocrx_word' id='word_1_284' title='bbox 631 2480 675 2536; x_wconf 87' lang='lat' dir='ltr'>vel</span> <span class='ocrx_word' id='word_1_285' title='bbox 689 2479 844 2536; x_wconf 88' lang='lat' dir='ltr'>doctrinam</span> <span class='ocrx_word' id='word_1_286' title='bbox 864 2481 1036 2551; x_wconf 84' lang='lat' dir='ltr'>septuaginta</span> <span class='ocrx_word' id='word_1_287' title='bbox 1062 2483 1134 2538; x_wconf 88' lang='lat' dir='ltr'>duo·</span> <span class='ocrx_word' id='word_1_288' title='bbox 1183 2481 1291 2538; x_wconf 87' lang='lat' dir='ltr'>cutione</span> <span class='ocrx_word' id='word_1_289' title='bbox 1305 2480 1435 2536; x_wconf 76' lang='lat' dir='ltr'>letitiam.</span> <span class='ocrx_word' id='word_1_290' title='bbox 1451 2479 1567 2549; x_wconf 78' lang='lat' dir='ltr'>Quidam</span> <span class='ocrx_word' id='word_1_291' title='bbox 1580 2497 1645 2538; x_wconf 86' lang='lat' dir='ltr'>uero</span> <span class='ocrx_word' id='word_1_292' title='bbox 1659 2472 1859 2554; x_wconf 84' lang='lat' dir='ltr'>perlectionem</span> <span class='ocrx_word' id='word_1_293' title='bbox 1874 2481 1970 2553; x_wconf 86' lang='lat' dir='ltr'>Vetus,</span> 
     </span>
     <span class='ocr_line' id='line_1_23' title="bbox 345 2570 1974 2647; baseline 0.003 -19"><span class='ocrx_word' id='word_1_294' title='bbox 345 2588 407 2628; x_wconf 93' lang='lat' dir='ltr'>rum</span> <span class='ocrx_word' id='word_1_295' title='bbox 434 2572 632 2644; x_wconf 88' lang='lat' dir='ltr'>discipulorum</span> <span class='ocrx_word' id='word_1_296' title='bbox 654 2573 755 2645; x_wconf 86' lang='lat' dir='ltr'>quibus</span> <span class='ocrx_word' id='word_1_297' title='bbox 780 2572 842 2628; x_wconf 87' lang='lat' dir='ltr'>ait:</span> <span class='ocrx_word' id='word_1_298' title='bbox 869 2571 993 2630; x_wconf 83' lang='lat' dir='ltr'>‹llessis</span> <span class='ocrx_word' id='word_1_299' title='bbox 1023 2574 1132 2647; x_wconf 89' lang='lat' dir='ltr'>quidem</span> <span class='ocrx_word' id='word_1_300' title='bbox 1186 2586 1238 2643; x_wconf 89' lang='lat' dir='ltr'>per</span> <span class='ocrx_word' id='word_1_301' title='bbox 1254 2580 1366 2628; x_wconf 88' lang='lat' dir='ltr'>cantum</span> <span class='ocrx_word' id='word_1_302' title='bbox 1381 2570 1488 2628; x_wconf 87' lang='lat' dir='ltr'>llorum</span> <span class='ocrx_word' id='word_1_303' title='bbox 1513 2573 1651 2644; x_wconf 88' lang='lat' dir='ltr'>occipiunt</span> <span class='ocrx_word' id='word_1_304' title='bbox 1673 2572 1898 2632; x_wconf 81' lang='lat' dir='ltr'>Testamentum:</span> <span class='ocrx_word' id='word_1_305' title='bbox 1918 2578 1974 2634; x_wconf 89' lang='lat' dir='ltr'>sic-</span> 
     </span>
     <span class='ocr_line' id='line_1_24' title="bbox 344 2661 1973 2735; baseline 0.003 -16"><span class='ocrx_word' id='word_1_306' title='bbox 344 2665 441 2732; x_wconf 89' lang='lat' dir='ltr'>multa,</span> <span class='ocrx_word' id='word_1_307' title='bbox 462 2674 490 2719; x_wconf 92' lang='lat' dir='ltr'>et</span> <span class='ocrx_word' id='word_1_308' title='bbox 508 2662 627 2734; x_wconf 85' lang='lat' dir='ltr'>operarii</span> <span class='ocrx_word' id='word_1_309' title='bbox 645 2663 725 2735; x_wconf 88' lang='lat' dir='ltr'>pauci</span> <span class='ocrx_word' id='word_1_310' title='bbox 740 2663 778 2730; x_wconf 89' lang='lat'>¹¹;</span> <span class='ocrx_word' id='word_1_311' title='bbox 798 2681 808 2715; x_wconf 91' lang='lat' dir='ltr'>r</span> <span class='ocrx_word' id='word_1_312' title='bbox 823 2663 867 2718; x_wconf 86' lang='lat' dir='ltr'>rel</span> <span class='ocrx_word' id='word_1_313' title='bbox 887 2662 1025 2734; x_wconf 80' lang='lat' dir='ltr'>significat</span> <span class='ocrx_word' id='word_1_314' title='bbox 1047 2663 1132 2721; x_wconf 89' lang='lat' dir='ltr'>lector</span> <span class='ocrx_word' id='word_1_315' title='bbox 1182 2673 1212 2721; x_wconf 91' lang='lat' dir='ltr'>ut</span> <span class='ocrx_word' id='word_1_316' title='bbox 1230 2679 1349 2734; x_wconf 87' lang='lat' dir='ltr'>namque</span> <span class='ocrx_word' id='word_1_317' title='bbox 1370 2661 1475 2721; x_wconf 87' lang='lat' dir='ltr'>Novum</span> <span class='ocrx_word' id='word_1_318' title='bbox 1491 2665 1603 2721; x_wconf 84' lang='lat' dir='ltr'>suavius</span> <span class='ocrx_word' id='word_1_319' title='bbox 1621 2672 1664 2720; x_wconf 88' lang='lat' dir='ltr'>est</span> <span class='ocrx_word' id='word_1_320' title='bbox 1682 2663 1784 2735; x_wconf 81' lang='lat' dir='ltr'>Veteri,</span> <span class='ocrx_word' id='word_1_321' title='bbox 1807 2666 1848 2723; x_wconf 88' lang='lat' dir='ltr'>sic</span> <span class='ocrx_word' id='word_1_322' title='bbox 1872 2679 1973 2724; x_wconf 85' lang='lat' dir='ltr'>caruus</span> 
     </span>
    </p>

    <p class='ocr_par' dir='ltr' id='par_1_3' title="bbox 324 2738 2014 5785">
     <span class='ocr_line' id='line_1_25' title="bbox 343 2738 2014 2830; baseline 0.004 -19"><span class='ocrx_word' id='word_1_323' title='bbox 343 2769 453 2811; x_wconf 92' lang='lat' dir='ltr'>omnem</span> <span class='ocrx_word' id='word_1_324' title='bbox 469 2755 588 2811; x_wconf 88' lang='lat' dir='ltr'>scribam</span> <span class='ocrx_word' id='word_1_325' title='bbox 606 2754 728 2821; x_wconf 83' lang='lat' dir='ltr'>(loetum,</span> <span class='ocrx_word' id='word_1_326' title='bbox 751 2753 798 2823; x_wconf 85' lang='lat' dir='ltr'>qul</span> <span class='ocrx_word' id='word_1_327' title='bbox 812 2753 846 2809; x_wconf 90' lang='lat' dir='ltr'>de</span> <span class='ocrx_word' id='word_1_328' title='bbox 869 2753 997 2810; x_wconf 84' lang='lat' dir='ltr'>thesauro</span> <span class='ocrx_word' id='word_1_329' title='bbox 1007 2770 1058 2810; x_wconf 88' lang='lat' dir='ltr'>sno</span> <span class='ocrx_word' id='word_1_330' title='bbox 1067 2769 1132 2827; x_wconf 93' lang='lat' dir='ltr'>pro·</span> <span class='ocrx_word' id='word_1_331' title='bbox 1152 2753 1154 2756; x_wconf 48' lang='lat'><em>⁴</em></span> <span class='ocrx_word' id='word_1_332' title='bbox 1181 2756 1293 2814; x_wconf 80' lang='lat' dir='ltr'>suavior</span> <span class='ocrx_word' id='word_1_333' title='bbox 1307 2756 1434 2813; x_wconf 85' lang='lat' dir='ltr'>lectione.</span> <span class='ocrx_word' id='word_1_334' title='bbox 1453 2756 1567 2826; x_wconf 84' lang='lat' dir='ltr'>Sunius,</span> <span class='ocrx_word' id='word_1_335' title='bbox 1586 2772 1652 2813; x_wconf 85' lang='lat' dir='ltr'>vero</span> <span class='ocrx_word' id='word_1_336' title='bbox 1668 2766 1766 2814; x_wconf 87' lang='lat' dir='ltr'>cantus</span> <span class='ocrx_word' id='word_1_337' title='bbox 1781 2759 1911 2830; x_wconf 85' lang='lat' dir='ltr'>epistolas</span> <span class='ocrx_word' id='word_1_338' title='bbox 1926 2776 1973 2816; x_wconf 88' lang='lat' dir='ltr'>co·</span> <span class='ocrx_word' id='word_1_339' title='bbox 2007 2738 2014 2755; x_wconf 59' lang='grc'><strong>’</strong></span> 
     </span>
     <span class='ocr_line' id='line_1_26' title="bbox 342 2843 1970 2922; baseline 0.003 -19"><span class='ocrx_word' id='word_1_340' title='bbox 342 2845 396 2903; x_wconf 85' lang='lat' dir='ltr'>lert</span> <span class='ocrx_word' id='word_1_341' title='bbox 411 2860 482 2902; x_wconf 85' lang='lat' dir='ltr'>nova</span> <span class='ocrx_word' id='word_1_342' title='bbox 505 2854 532 2902; x_wconf 88' lang='lat' dir='ltr'>et</span> <span class='ocrx_word' id='word_1_343' title='bbox 548 2854 640 2902; x_wconf 91' lang='lat' dir='ltr'>vetera</span> <span class='ocrx_word' id='word_1_344' title='bbox 656 2845 689 2901; x_wconf 90' lang='lat'>¹¹.</span> <span class='ocrx_word' id='word_1_345' title='bbox 716 2843 794 2901; x_wconf 88' lang='lat' dir='ltr'>llnde</span> <span class='ocrx_word' id='word_1_346' title='bbox 805 2846 950 2917; x_wconf 85' lang='lat' dir='ltr'>utriusque</span> <span class='ocrx_word' id='word_1_347' title='bbox 964 2845 1131 2904; x_wconf 83' lang='lat' dir='ltr'>Testamenti</span> <span class='ocrx_word' id='word_1_348' title='bbox 1181 2849 1315 2905; x_wconf 87' lang='lat' dir='ltr'>mitantur</span> <span class='ocrx_word' id='word_1_349' title='bbox 1348 2849 1478 2921; x_wconf 85' lang='lat' dir='ltr'>qnoniam</span> <span class='ocrx_word' id='word_1_350' title='bbox 1523 2850 1731 2920; x_wconf 74' lang='lat' dir='ltr'>praedicationes</span> <span class='ocrx_word' id='word_1_351' title='bbox 1762 2852 1970 2922; x_wconf 76' lang='lat' dir='ltr'>predicatorum</span> 
     </span>
     <span class='ocr_line' id='line_1_27' title="bbox 340 2936 1972 3017; baseline 0.003 -20"><span class='ocrx_word' id='word_1_352' title='bbox 340 2939 438 2997; x_wconf 87' lang='lat' dir='ltr'>recitat</span> <span class='ocrx_word' id='word_1_353' title='bbox 460 2939 612 3006; x_wconf 87' lang='lat' dir='ltr'>lectiones;</span> <span class='ocrx_word' id='word_1_354' title='bbox 630 2939 673 2994; x_wconf 90' lang='lat' dir='ltr'>vel</span> <span class='ocrx_word' id='word_1_355' title='bbox 686 2938 822 3010; x_wconf 88' lang='lat' dir='ltr'>signiticat</span> <span class='ocrx_word' id='word_1_356' title='bbox 835 2936 987 3009; x_wconf 83' lang='lat' dir='ltr'>Christum,</span> <span class='ocrx_word' id='word_1_357' title='bbox 1005 2939 1053 3012; x_wconf 83' lang='lat' dir='ltr'>qni</span> <span class='ocrx_word' id='word_1_358' title='bbox 1065 2955 1131 3012; x_wconf 89' lang='lat' dir='ltr'>upe-</span> <span class='ocrx_word' id='word_1_359' title='bbox 1181 2950 1274 2998; x_wconf 89' lang='lat' dir='ltr'>secuta</span> <span class='ocrx_word' id='word_1_360' title='bbox 1288 2949 1352 2997; x_wconf 91' lang='lat' dir='ltr'>aunt</span> <span class='ocrx_word' id='word_1_361' title='bbox 1365 2941 1495 3013; x_wconf 86' lang='lat' dir='ltr'>gaudium</span> <span class='ocrx_word' id='word_1_362' title='bbox 1515 2941 1655 3011; x_wconf 79' lang='lat' dir='ltr'>Ecclesia,</span> <span class='ocrx_word' id='word_1_363' title='bbox 1682 2941 1738 3001; x_wconf 83' lang='lat' dir='ltr'>lieo</span> <span class='ocrx_word' id='word_1_364' title='bbox 1754 2943 1849 3002; x_wconf 89' lang='lat' dir='ltr'>laudes</span> <span class='ocrx_word' id='word_1_365' title='bbox 1862 2955 1972 3017; x_wconf 75' lang='lat' dir='ltr'>etpra-</span> 
     </span>
     <span class='ocr_line' id='line_1_28' title="bbox 341 3032 1971 3112; baseline 0.003 -21"><span class='ocrx_word' id='word_1_366' title='bbox 341 3035 416 3091; x_wconf 90' lang='lat' dir='ltr'>rieos</span> <span class='ocrx_word' id='word_1_367' title='bbox 432 3034 554 3091; x_wconf 88' lang='lat' dir='ltr'>codicem</span> <span class='ocrx_word' id='word_1_368' title='bbox 581 3032 658 3091; x_wconf 77' lang='lat' dir='ltr'>lsaie</span> <span class='ocrx_word' id='word_1_369' title='bbox 681 3033 769 3107; x_wconf 89' lang='lat' dir='ltr'>legit:</span> <span class='ocrx_word' id='word_1_370' title='bbox 795 3053 805 3089; x_wconf 85' lang='lat' dir='ltr'>v</span> <span class='ocrx_word' id='word_1_371' title='bbox 822 3033 941 3106; x_wconf 89' lang='lat' dir='ltr'>Spiritus</span> <span class='ocrx_word' id='word_1_372' title='bbox 961 3033 1070 3090; x_wconf 81' lang='lat' dir='ltr'>Domini</span> <span class='ocrx_word' id='word_1_373' title='bbox 1083 3050 1130 3091; x_wconf 90' lang='lat' dir='ltr'>su·</span> <span class='ocrx_word' id='word_1_374' title='bbox 1180 3034 1315 3100; x_wconf 74' lang='lat' dir='ltr'>eonialde</span> <span class='ocrx_word' id='word_1_375' title='bbox 1341 3035 1511 3091; x_wconf 88' lang='lat' dir='ltr'>credentium</span> <span class='ocrx_word' id='word_1_376' title='bbox 1531 3037 1734 3107; x_wconf 86' lang='lat' dir='ltr'>conversione;</span> <span class='ocrx_word' id='word_1_377' title='bbox 1752 3041 1816 3111; x_wconf 88' lang='lat' dir='ltr'>quia</span> <span class='ocrx_word' id='word_1_378' title='bbox 1831 3055 1882 3112; x_wconf 91' lang='lat' dir='ltr'>per</span> <span class='ocrx_word' id='word_1_379' title='bbox 1907 3055 1971 3112; x_wconf 87' lang='lat' dir='ltr'>gra·</span> 
     </span>
     <span class='ocr_line' id='line_1_29' title="bbox 340 3126 1969 3204; baseline 0.004 -21"><span class='ocrx_word' id='word_1_380' title='bbox 340 3143 390 3201; x_wconf 88' lang='lat' dir='ltr'>per</span> <span class='ocrx_word' id='word_1_381' title='bbox 411 3143 456 3183; x_wconf 90' lang='lat' dir='ltr'>me</span> <span class='ocrx_word' id='word_1_382' title='bbox 470 3128 502 3183; x_wconf 90' lang='lat'>¹¹.</span> <span class='ocrx_word' id='word_1_383' title='bbox 518 3147 529 3181; x_wconf 91' lang='lat' dir='ltr'>r</span> <span class='ocrx_word' id='word_1_384' title='bbox 552 3126 659 3184; x_wconf 83' lang='lat' dir='ltr'>Rursus</span> <span class='ocrx_word' id='word_1_385' title='bbox 673 3128 736 3184; x_wconf 84' lang='lat' dir='ltr'>ride</span> <span class='ocrx_word' id='word_1_386' title='bbox 750 3142 827 3200; x_wconf 86' lang='lat' dir='ltr'>quta,</span> <span class='ocrx_word' id='word_1_387' title='bbox 854 3126 926 3184; x_wconf 92' lang='lat' dir='ltr'>sicut</span> <span class='ocrx_word' id='word_1_388' title='bbox 947 3142 1002 3183; x_wconf 91' lang='lat' dir='ltr'>non</span> <span class='ocrx_word' id='word_1_389' title='bbox 1016 3126 1130 3198; x_wconf 87' lang='lat' dir='ltr'>permit·</span> <span class='ocrx_word' id='word_1_390' title='bbox 1181 3127 1263 3184; x_wconf 90' lang='lat' dir='ltr'>duale</span> <span class='ocrx_word' id='word_1_391' title='bbox 1280 3129 1424 3185; x_wconf 85' lang='lat' dir='ltr'>conversio</span> <span class='ocrx_word' id='word_1_392' title='bbox 1445 3129 1480 3186; x_wconf 85' lang='lat' dir='ltr'>de</span> <span class='ocrx_word' id='word_1_393' title='bbox 1500 3127 1601 3186; x_wconf 82' lang='lat' dir='ltr'>ludaeis</span> <span class='ocrx_word' id='word_1_394' title='bbox 1618 3126 1770 3203; x_wconf 83' lang='lat' dir='ltr'>accipitur;</span> <span class='ocrx_word' id='word_1_395' title='bbox 1786 3147 1834 3204; x_wconf 88' lang='lat' dir='ltr'>per</span> <span class='ocrx_word' id='word_1_396' title='bbox 1847 3149 1969 3204; x_wconf 84' lang='lat' dir='ltr'>versum,</span> 
     </span>
     <span class='ocr_line' id='line_1_30' title="bbox 340 3219 1972 3295; baseline 0.003 -18"><span class='ocrx_word' id='word_1_397' title='bbox 340 3222 409 3277; x_wconf 89' lang='lat' dir='ltr'>titur</span> <span class='ocrx_word' id='word_1_398' title='bbox 420 3219 469 3276; x_wconf 92' lang='lat' dir='ltr'>ulli</span> <span class='ocrx_word' id='word_1_399' title='bbox 485 3219 539 3276; x_wconf 91' lang='lat' dir='ltr'>nisi</span> <span class='ocrx_word' id='word_1_400' title='bbox 562 3220 698 3277; x_wconf 87' lang='lat' dir='ltr'>sacerdoti</span> <span class='ocrx_word' id='word_1_401' title='bbox 713 3221 825 3277; x_wconf 90' lang='lat' dir='ltr'>missam</span> <span class='ocrx_word' id='word_1_402' title='bbox 839 3219 993 3286; x_wconf 86' lang='lat' dir='ltr'>celebrare,</span> <span class='ocrx_word' id='word_1_403' title='bbox 1012 3234 1130 3292; x_wconf 87' lang='lat' dir='ltr'>evange·</span> <span class='ocrx_word' id='word_1_404' title='bbox 1179 3219 1323 3277; x_wconf 87' lang='lat' dir='ltr'>conversio</span> <span class='ocrx_word' id='word_1_405' title='bbox 1357 3222 1390 3277; x_wconf 88' lang='lat' dir='ltr'>de</span> <span class='ocrx_word' id='word_1_406' title='bbox 1421 3219 1546 3292; x_wconf 89' lang='lat' dir='ltr'>gentibus</span> <span class='ocrx_word' id='word_1_407' title='bbox 1586 3221 1764 3294; x_wconf 86' lang='lat' dir='ltr'>intelligitnr;</span> <span class='ocrx_word' id='word_1_408' title='bbox 1793 3239 1843 3295; x_wconf 91' lang='lat' dir='ltr'>per</span> <span class='ocrx_word' id='word_1_409' title='bbox 1861 3225 1972 3282; x_wconf 87' lang='lat' dir='ltr'>alleluia</span> 
     </span>
     <span class='ocr_line' id='line_1_31' title="bbox 340 3309 1972 3384; baseline 0.001 -15"><span class='ocrx_word' id='word_1_410' title='bbox 340 3313 409 3369; x_wconf 92' lang='lat' dir='ltr'>lium</span> <span class='ocrx_word' id='word_1_411' title='bbox 432 3312 522 3384; x_wconf 89' lang='lat' dir='ltr'>legere</span> <span class='ocrx_word' id='word_1_412' title='bbox 537 3312 590 3368; x_wconf 89' lang='lat' dir='ltr'>uisi</span> <span class='ocrx_word' id='word_1_413' title='bbox 603 3311 743 3380; x_wconf 89' lang='lat' dir='ltr'>diacouo;</span> <span class='ocrx_word' id='word_1_414' title='bbox 762 3312 803 3368; x_wconf 89' lang='lat' dir='ltr'>sic</span> <span class='ocrx_word' id='word_1_415' title='bbox 819 3327 870 3369; x_wconf 88' lang='lat' dir='ltr'>nec</span> <span class='ocrx_word' id='word_1_416' title='bbox 887 3310 967 3367; x_wconf 82' lang='lat' dir='ltr'>deser</span> <span class='ocrx_word' id='word_1_417' title='bbox 979 3311 1126 3382; x_wconf 85' lang='lat' dir='ltr'>epistolam</span> <span class='ocrx_word' id='word_1_418' title='bbox 1180 3309 1323 3380; x_wconf 80' lang='lat' dir='ltr'>utriusque</span> <span class='ocrx_word' id='word_1_419' title='bbox 1339 3310 1366 3364; x_wconf 91' lang='lat' dir='ltr'>in</span> <span class='ocrx_word' id='word_1_420' title='bbox 1381 3310 1434 3366; x_wconf 89' lang='lat' dir='ltr'>lide</span> <span class='ocrx_word' id='word_1_421' title='bbox 1455 3311 1547 3367; x_wconf 78' lang='lat' dir='ltr'>latitia</span> <span class='ocrx_word' id='word_1_422' title='bbox 1564 3311 1707 3383; x_wconf 73' lang='lat' dir='ltr'>i&#39;guratur.</span> <span class='ocrx_word' id='word_1_423' title='bbox 1733 3312 1878 3384; x_wconf 86' lang='lat' dir='ltr'>Sequentia</span> <span class='ocrx_word' id='word_1_424' title='bbox 1904 3330 1972 3372; x_wconf 87' lang='lat' dir='ltr'>vero</span> 
     </span>
     <span class='ocr_line' id='line_1_32' title="bbox 340 3401 1972 3478; baseline 0.004 -21"><span class='ocrx_word' id='word_1_425' title='bbox 340 3402 486 3475; x_wconf 84' lang='lat' dir='ltr'>quisquam</span> <span class='ocrx_word' id='word_1_426' title='bbox 508 3403 608 3476; x_wconf 89' lang='lat' dir='ltr'>legere,</span> <span class='ocrx_word' id='word_1_427' title='bbox 632 3401 789 3460; x_wconf 79' lang='lat' dir='ltr'>nisi&#39;luerit</span> <span class='ocrx_word' id='word_1_428' title='bbox 810 3402 838 3459; x_wconf 94' lang='lat' dir='ltr'>in</span> <span class='ocrx_word' id='word_1_429' title='bbox 863 3401 1052 3458; x_wconf 82' lang='lat' dir='ltr'>&#39;subdiaconali</span> <span class='ocrx_word' id='word_1_430' title='bbox 1068 3401 1128 3458; x_wconf 77' lang='lat' dir='ltr'>offl·</span> <span class='ocrx_word' id='word_1_431' title='bbox 1180 3403 1317 3458; x_wconf 87' lang='lat' dir='ltr'>canticum</span> <span class='ocrx_word' id='word_1_432' title='bbox 1336 3403 1460 3476; x_wconf 86' lang='lat' dir='ltr'>designat</span> <span class='ocrx_word' id='word_1_433' title='bbox 1486 3404 1612 3461; x_wconf 73' lang='lat' dir='ltr'>uictoriae.</span> <span class='ocrx_word' id='word_1_434' title='bbox 1637 3405 1714 3462; x_wconf 88' lang='lat' dir='ltr'>Unde</span> <span class='ocrx_word' id='word_1_435' title='bbox 1736 3407 1861 3478; x_wconf 91' lang='lat' dir='ltr'>plausum</span> <span class='ocrx_word' id='word_1_436' title='bbox 1884 3408 1972 3464; x_wconf 86' lang='lat' dir='ltr'>victo·</span> 
     </span>
     <span class='ocr_line' id='line_1_33' title="bbox 339 3494 1970 3568; baseline 0.002 -14"><span class='ocrx_word' id='word_1_437' title='bbox 339 3496 395 3565; x_wconf 90' lang='lat' dir='ltr'>cio,</span> <span class='ocrx_word' id='word_1_438' title='bbox 414 3497 494 3568; x_wconf 81' lang='lat' dir='ltr'>cujus</span> <span class='ocrx_word' id='word_1_439' title='bbox 517 3505 560 3554; x_wconf 88' lang='lat' dir='ltr'>est</span> <span class='ocrx_word' id='word_1_440' title='bbox 577 3494 695 3553; x_wconf 81' lang='lat' dir='ltr'>officium</span> <span class='ocrx_word' id='word_1_441' title='bbox 710 3495 739 3551; x_wconf 92' lang='lat' dir='ltr'>iu</span> <span class='ocrx_word' id='word_1_442' title='bbox 761 3495 875 3552; x_wconf 91' lang='lat' dir='ltr'>sinistro</span> <span class='ocrx_word' id='word_1_443' title='bbox 888 3494 1001 3551; x_wconf 86' lang='lat' dir='ltr'>lrraclrio</span> <span class='ocrx_word' id='word_1_444' title='bbox 1014 3504 1126 3567; x_wconf 86' lang='lat' dir='ltr'>portare</span> <span class='ocrx_word' id='word_1_445' title='bbox 1179 3510 1241 3550; x_wconf 92' lang='lat' dir='ltr'>rum</span> <span class='ocrx_word' id='word_1_446' title='bbox 1270 3511 1332 3552; x_wconf 86' lang='lat' dir='ltr'>curu</span> <span class='ocrx_word' id='word_1_447' title='bbox 1366 3497 1474 3553; x_wconf 89' lang='lat' dir='ltr'>neumis</span> <span class='ocrx_word' id='word_1_448' title='bbox 1498 3497 1634 3566; x_wconf 88' lang='lat' dir='ltr'>imitatur;</span> <span class='ocrx_word' id='word_1_449' title='bbox 1660 3498 1732 3555; x_wconf 86' lang='lat' dir='ltr'>lranc</span> <span class='ocrx_word' id='word_1_450' title='bbox 1757 3500 1970 3557; x_wconf 83' lang='lat' dir='ltr'>exsultationem</span> 
     </span>
     <span class='ocr_line' id='line_1_34' title="bbox 340 3585 1969 3662; baseline 0.002 -19"><span class='ocrx_word' id='word_1_451' title='bbox 340 3589 522 3660; x_wconf 88' lang='lat' dir='ltr'>manipulum,</span> <span class='ocrx_word' id='word_1_452' title='bbox 554 3587 670 3645; x_wconf 82' lang='lat' dir='ltr'>fimbriis</span> <span class='ocrx_word' id='word_1_453' title='bbox 697 3587 872 3644; x_wconf 85' lang='lat' dir='ltr'>adornatum.</span> <span class='ocrx_word' id='word_1_454' title='bbox 887 3585 958 3655; x_wconf 82' lang='lat' dir='ltr'>Quia</span> <span class='ocrx_word' id='word_1_455' title='bbox 984 3587 1008 3643; x_wconf 91' lang='lat' dir='ltr'>si</span> <span class='ocrx_word' id='word_1_456' title='bbox 1029 3601 1130 3644; x_wconf 81' lang='lat' dir='ltr'>secun·</span> <span class='ocrx_word' id='word_1_457' title='bbox 1178 3587 1361 3659; x_wconf 81' lang='lat' dir='ltr'>praedgurauit</span> <span class='ocrx_word' id='word_1_458' title='bbox 1388 3588 1578 3662; x_wconf 84' lang='lat' dir='ltr'>tympanistria</span> <span class='ocrx_word' id='word_1_459' title='bbox 1611 3587 1715 3658; x_wconf 79' lang='lat' dir='ltr'>daria,</span> <span class='ocrx_word' id='word_1_460' title='bbox 1740 3605 1801 3661; x_wconf 81' lang='lat' dir='ltr'>quar</span> <span class='ocrx_word' id='word_1_461' title='bbox 1824 3590 1969 3647; x_wconf 82' lang='lat' dir='ltr'>victoriam</span> 
     </span>
     <span class='ocr_line' id='line_1_35' title="bbox 339 3679 1968 3753; baseline 0.001 -16"><span class='ocrx_word' id='word_1_462' title='bbox 339 3681 405 3737; x_wconf 87' lang='lat' dir='ltr'>dum</span> <span class='ocrx_word' id='word_1_463' title='bbox 422 3679 536 3738; x_wconf 80' lang='lat' dir='ltr'>loannis</span> <span class='ocrx_word' id='word_1_464' title='bbox 560 3680 689 3752; x_wconf 77' lang='lat' dir='ltr'>Baptista</span> <span class='ocrx_word' id='word_1_465' title='bbox 709 3680 889 3752; x_wconf 74' lang='lat' dir='ltr'>preconium,</span> <span class='ocrx_word' id='word_1_466' title='bbox 920 3679 965 3736; x_wconf 83' lang='lat' dir='ltr'>lric</span> <span class='ocrx_word' id='word_1_467' title='bbox 987 3694 1076 3751; x_wconf 73' lang='lat' dir='ltr'>preco</span> <span class='ocrx_word' id='word_1_468' title='bbox 1100 3688 1128 3738; x_wconf 88' lang='lat' dir='ltr'>et</span> <span class='ocrx_word' id='word_1_469' title='bbox 1178 3680 1293 3738; x_wconf 85' lang='lat' dir='ltr'>liberato</span> <span class='ocrx_word' id='word_1_470' title='bbox 1314 3682 1416 3753; x_wconf 92' lang='lat' dir='ltr'>populo</span> <span class='ocrx_word' id='word_1_471' title='bbox 1434 3681 1568 3750; x_wconf 84' lang='lat' dir='ltr'>recitauit,</span> <span class='ocrx_word' id='word_1_472' title='bbox 1587 3682 1702 3739; x_wconf 89' lang='lat' dir='ltr'>dicens:</span> <span class='ocrx_word' id='word_1_473' title='bbox 1721 3701 1731 3736; x_wconf 87' lang='lat' dir='ltr'>r</span> <span class='ocrx_word' id='word_1_474' title='bbox 1749 3682 1898 3739; x_wconf 89' lang='lat' dir='ltr'>Cantemus</span> <span class='ocrx_word' id='word_1_475' title='bbox 1914 3682 1968 3738; x_wconf 78' lang='lat' dir='ltr'>llo-</span> 
     </span>
     <span class='ocr_line' id='line_1_36' title="bbox 339 3771 1967 3845; baseline -0.001 -16"><span class='ocrx_word' id='word_1_476' title='bbox 339 3773 400 3845; x_wconf 81' lang='lat' dir='ltr'>ejus</span> <span class='ocrx_word' id='word_1_477' title='bbox 432 3774 541 3829; x_wconf 90' lang='lat' dir='ltr'>auditor</span> <span class='ocrx_word' id='word_1_478' title='bbox 564 3772 683 3828; x_wconf 91' lang='lat' dir='ltr'>securim</span> <span class='ocrx_word' id='word_1_479' title='bbox 720 3771 827 3841; x_wconf 81' lang='lat' dir='ltr'>judicii,</span> <span class='ocrx_word' id='word_1_480' title='bbox 848 3785 909 3842; x_wconf 80' lang='lat' dir='ltr'>qum</span> <span class='ocrx_word' id='word_1_481' title='bbox 924 3771 1013 3842; x_wconf 90' lang='lat' dir='ltr'>posita</span> <span class='ocrx_word' id='word_1_482' title='bbox 1030 3782 1074 3829; x_wconf 89' lang='lat' dir='ltr'>est</span> <span class='ocrx_word' id='word_1_483' title='bbox 1094 3772 1128 3829; x_wconf 89' lang='lat' dir='ltr'>ad</span> <span class='ocrx_word' id='word_1_484' title='bbox 1178 3771 1254 3828; x_wconf 91' lang='lat' dir='ltr'>mino</span> <span class='ocrx_word' id='word_1_485' title='bbox 1274 3772 1307 3828; x_wconf 91' lang='lat'>¹¹.</span> <span class='ocrx_word' id='word_1_486' title='bbox 1329 3788 1416 3828; x_wconf 84' lang='lat' dir='ltr'>rcum</span> <span class='ocrx_word' id='word_1_487' title='bbox 1443 3789 1497 3845; x_wconf 85' lang='lat' dir='ltr'>qua</span> <span class='ocrx_word' id='word_1_488' title='bbox 1520 3773 1680 3844; x_wconf 90' lang='lat' dir='ltr'>etpopulus</span> <span class='ocrx_word' id='word_1_489' title='bbox 1696 3773 1835 3843; x_wconf 81' lang='lat' dir='ltr'>iubilarit.</span> <span class='ocrx_word' id='word_1_490' title='bbox 1858 3772 1967 3828; x_wconf 87' lang='lat' dir='ltr'>llorali·</span> 
     </span>
     <span class='ocr_line' id='line_1_37' title="bbox 339 3863 1968 3937; baseline -0.001 -14"><span class='ocrx_word' id='word_1_491' title='bbox 339 3868 460 3924; x_wconf 86' lang='lat' dir='ltr'>radicem</span> <span class='ocrx_word' id='word_1_492' title='bbox 477 3864 586 3920; x_wconf 89' lang='lat' dir='ltr'>arboris</span> <span class='ocrx_word' id='word_1_493' title='bbox 600 3864 782 3936; x_wconf 90' lang='lat' dir='ltr'>pertimuerit,</span> <span class='ocrx_word' id='word_1_494' title='bbox 794 3872 823 3919; x_wconf 89' lang='lat' dir='ltr'>et</span> <span class='ocrx_word' id='word_1_495' title='bbox 834 3863 934 3935; x_wconf 90' lang='lat' dir='ltr'>dignos</span> <span class='ocrx_word' id='word_1_496' title='bbox 949 3863 1056 3921; x_wconf 90' lang='lat' dir='ltr'>lructus</span> <span class='ocrx_word' id='word_1_497' title='bbox 1069 3880 1128 3937; x_wconf 84' lang='lat' dir='ltr'>poe-</span> <span class='ocrx_word' id='word_1_498' title='bbox 1177 3873 1221 3920; x_wconf 89' lang='lat' dir='ltr'>ter</span> <span class='ocrx_word' id='word_1_499' title='bbox 1234 3879 1310 3932; x_wconf 85' lang='lat' dir='ltr'>vero,</span> <span class='ocrx_word' id='word_1_500' title='bbox 1334 3874 1361 3920; x_wconf 87' lang='lat' dir='ltr'>et</span> <span class='ocrx_word' id='word_1_501' title='bbox 1375 3864 1456 3922; x_wconf 88' lang='lat' dir='ltr'>hodie</span> <span class='ocrx_word' id='word_1_502' title='bbox 1480 3865 1623 3937; x_wconf 88' lang='lat' dir='ltr'>gradualia</span> <span class='ocrx_word' id='word_1_503' title='bbox 1639 3865 1776 3934; x_wconf 86' lang='lat' dir='ltr'>cauimus,</span> <span class='ocrx_word' id='word_1_504' title='bbox 1792 3865 1856 3921; x_wconf 90' lang='lat' dir='ltr'>dum</span> <span class='ocrx_word' id='word_1_505' title='bbox 1873 3866 1899 3921; x_wconf 90' lang='lat' dir='ltr'>in</span> <span class='ocrx_word' id='word_1_506' title='bbox 1923 3866 1968 3922; x_wconf 88' lang='lat' dir='ltr'>la·</span> 
     </span>
     <span class='ocr_line' id='line_1_38' title="bbox 338 3957 1968 4028; baseline -0.002 -12"><span class='ocrx_word' id='word_1_507' title='bbox 338 3959 462 4016; x_wconf 72' lang='lat' dir='ltr'>nitentia</span> <span class='ocrx_word' id='word_1_508' title='bbox 487 3958 582 4015; x_wconf 84' lang='lat' dir='ltr'>lecerit</span> <span class='ocrx_word' id='word_1_509' title='bbox 615 3958 647 4026; x_wconf 87' lang='lat'>¹⁸,</span> <span class='ocrx_word' id='word_1_510' title='bbox 671 3972 735 4014; x_wconf 91' lang='lat' dir='ltr'>cum</span> <span class='ocrx_word' id='word_1_511' title='bbox 763 3957 964 4028; x_wconf 88' lang='lat' dir='ltr'>perseverantia</span> <span class='ocrx_word' id='word_1_512' title='bbox 992 3958 1126 4014; x_wconf 81' lang='lat' dir='ltr'>bonorum</span> <span class='ocrx_word' id='word_1_513' title='bbox 1177 3957 1278 4012; x_wconf 89' lang='lat' dir='ltr'>mentis</span> <span class='ocrx_word' id='word_1_514' title='bbox 1297 3957 1463 4026; x_wconf 82' lang='lat' dir='ltr'>poentreuttae</span> <span class='ocrx_word' id='word_1_515' title='bbox 1487 3958 1646 4026; x_wconf 86' lang='lat' dir='ltr'>liberamur,</span> <span class='ocrx_word' id='word_1_516' title='bbox 1660 3967 1688 4013; x_wconf 91' lang='lat' dir='ltr'>ct</span> <span class='ocrx_word' id='word_1_517' title='bbox 1709 3957 1855 4013; x_wconf 84' lang='lat' dir='ltr'>devirtute</span> <span class='ocrx_word' id='word_1_518' title='bbox 1869 3957 1896 4012; x_wconf 90' lang='lat' dir='ltr'>in</span> <span class='ocrx_word' id='word_1_519' title='bbox 1911 3958 1968 4014; x_wconf 85' lang='lat' dir='ltr'>vir-</span> 
     </span>
     <span class='ocr_line' id='line_1_39' title="bbox 339 4049 1968 4125; baseline 0.001 -17"><span class='ocrx_word' id='word_1_520' title='bbox 339 4066 465 4123; x_wconf 90' lang='lat' dir='ltr'>operum‚</span> <span class='ocrx_word' id='word_1_521' title='bbox 480 4050 634 4123; x_wconf 88' lang='lat' dir='ltr'>manipulos</span> <span class='ocrx_word' id='word_1_522' title='bbox 651 4049 767 4120; x_wconf 76' lang='lat' dir='ltr'>justitiae</span> <span class='ocrx_word' id='word_1_523' title='bbox 795 4049 957 4120; x_wconf 89' lang='lat' dir='ltr'>reportabit,</span> <span class='ocrx_word' id='word_1_524' title='bbox 972 4049 1005 4107; x_wconf 90' lang='lat' dir='ltr'>de</span> <span class='ocrx_word' id='word_1_525' title='bbox 1025 4053 1127 4122; x_wconf 83' lang='lat' dir='ltr'>quihus</span> <span class='ocrx_word' id='word_1_526' title='bbox 1177 4059 1262 4106; x_wconf 87' lang='lat' dir='ltr'>tutem</span> <span class='ocrx_word' id='word_1_527' title='bbox 1283 4049 1306 4081; x_wconf 88' lang='lat'>¹¹</span> <span class='ocrx_word' id='word_1_528' title='bbox 1327 4050 1429 4122; x_wconf 86' lang='lat' dir='ltr'>gradiri</span> <span class='ocrx_word' id='word_1_529' title='bbox 1449 4050 1737 4109; x_wconf 89' lang='lat' dir='ltr'>conamur.llicenim</span> <span class='ocrx_word' id='word_1_530' title='bbox 1752 4053 1968 4125; x_wconf 85' lang='lat' dir='ltr'>cantusadpm·</span> 
     </span>
     <span class='ocr_line' id='line_1_40' title="bbox 324 4141 1964 4217; baseline -0.001 -14"><span class='ocrx_word' id='word_1_531' title='bbox 324 4147 369 4203; x_wconf 89' lang='lat' dir='ltr'>·ln</span> <span class='ocrx_word' id='word_1_532' title='bbox 385 4142 495 4201; x_wconf 81' lang='lat' dir='ltr'>Psalmo</span> <span class='ocrx_word' id='word_1_533' title='bbox 512 4162 521 4200; x_wconf 82' lang='lat' dir='ltr'>t</span> <span class='ocrx_word' id='word_1_534' title='bbox 540 4141 708 4199; x_wconf 75' lang='lat' dir='ltr'>«Venientes</span> <span class='ocrx_word' id='word_1_535' title='bbox 724 4149 814 4198; x_wconf 87' lang='lat' dir='ltr'>antem</span> <span class='ocrx_word' id='word_1_536' title='bbox 826 4143 936 4199; x_wconf 86' lang='lat' dir='ltr'>venient</span> <span class='ocrx_word' id='word_1_537' title='bbox 948 4159 1011 4200; x_wconf 91' lang='lat' dir='ltr'>cum</span> <span class='ocrx_word' id='word_1_538' title='bbox 1035 4145 1127 4201; x_wconf 87' lang='lat' dir='ltr'>exsul·</span> <span class='ocrx_word' id='word_1_539' title='bbox 1177 4142 1299 4199; x_wconf 80' lang='lat' dir='ltr'>nitentiae</span> <span class='ocrx_word' id='word_1_540' title='bbox 1308 4145 1593 4216; x_wconf 87' lang='lat' dir='ltr'>pertinetlamentum,</span> <span class='ocrx_word' id='word_1_541' title='bbox 1606 4145 1764 4203; x_wconf 84' lang='lat' dir='ltr'>etlalrorem</span> <span class='ocrx_word' id='word_1_542' title='bbox 1780 4146 1964 4217; x_wconf 89' lang='lat' dir='ltr'>operantium.</span> 
     </span>
     <span class='ocr_line' id='line_1_41' title="bbox 338 4231 1966 4308; baseline -0.004 -14"><span class='ocrx_word' id='word_1_543' title='bbox 338 4237 447 4295; x_wconf 87' lang='lat' dir='ltr'>tatione</span> <span class='ocrx_word' id='word_1_544' title='bbox 468 4244 610 4308; x_wconf 86' lang='lat' dir='ltr'>portantes</span> <span class='ocrx_word' id='word_1_545' title='bbox 633 4235 790 4306; x_wconf 90' lang='lat' dir='ltr'>manipulos</span> <span class='ocrx_word' id='word_1_546' title='bbox 817 4248 883 4292; x_wconf 91' lang='lat' dir='ltr'>suos</span> <span class='ocrx_word' id='word_1_547' title='bbox 907 4235 939 4292; x_wconf 80' lang='lat'>¹¹.</span> <span class='ocrx_word' id='word_1_548' title='bbox 965 4254 976 4291; x_wconf 80' lang='lat' dir='ltr'>r</span> <span class='ocrx_word' id='word_1_549' title='bbox 1006 4234 1126 4292; x_wconf 67' lang='lat' dir='ltr'>fimbria</span> <span class='ocrx_word' id='word_1_550' title='bbox 1176 4231 1240 4290; x_wconf 91' lang='lat' dir='ltr'>lude</span> <span class='ocrx_word' id='word_1_551' title='bbox 1266 4242 1309 4291; x_wconf 89' lang='lat' dir='ltr'>est</span> <span class='ocrx_word' id='word_1_552' title='bbox 1334 4235 1407 4306; x_wconf 85' lang='lat' dir='ltr'>quod</span> <span class='ocrx_word' id='word_1_553' title='bbox 1435 4234 1503 4293; x_wconf 86' lang='lat' dir='ltr'>adeo</span> <span class='ocrx_word' id='word_1_554' title='bbox 1529 4235 1620 4304; x_wconf 85' lang='lat' dir='ltr'>gravis</span> <span class='ocrx_word' id='word_1_555' title='bbox 1644 4243 1695 4303; x_wconf 92' lang='lat' dir='ltr'>est,</span> <span class='ocrx_word' id='word_1_556' title='bbox 1726 4234 1800 4306; x_wconf 87' lang='lat' dir='ltr'>quod</span> <span class='ocrx_word' id='word_1_557' title='bbox 1826 4234 1966 4289; x_wconf 87' lang='lat' dir='ltr'>illumex-</span> 
     </span>
     <span class='ocr_line' id='line_1_42' title="bbox 339 4325 1961 4404; baseline -0.006 -14"><span class='ocrx_word' id='word_1_558' title='bbox 339 4346 459 4404; x_wconf 85' lang='lat' dir='ltr'>namque</span> <span class='ocrx_word' id='word_1_559' title='bbox 478 4329 623 4401; x_wconf 89' lang='lat' dir='ltr'>manipuli,</span> <span class='ocrx_word' id='word_1_560' title='bbox 649 4337 678 4386; x_wconf 89' lang='lat' dir='ltr'>et</span> <span class='ocrx_word' id='word_1_561' title='bbox 693 4327 827 4400; x_wconf 85' lang='lat' dir='ltr'>cujusque</span> <span class='ocrx_word' id='word_1_562' title='bbox 849 4342 936 4385; x_wconf 79' lang='lat' dir='ltr'>sacrae</span> <span class='ocrx_word' id='word_1_563' title='bbox 954 4330 1038 4386; x_wconf 91' lang='lat' dir='ltr'>vestis</span> <span class='ocrx_word' id='word_1_564' title='bbox 1062 4345 1125 4386; x_wconf 89' lang='lat' dir='ltr'>cum</span> <span class='ocrx_word' id='word_1_565' title='bbox 1176 4325 1379 4383; x_wconf 85' lang='lat' dir='ltr'>cellentiorilrus</span> <span class='ocrx_word' id='word_1_566' title='bbox 1404 4325 1499 4383; x_wconf 86' lang='lat' dir='ltr'>ederre</span> <span class='ocrx_word' id='word_1_567' title='bbox 1517 4327 1633 4383; x_wconf 84' lang='lat' dir='ltr'>vocilrus</span> <span class='ocrx_word' id='word_1_568' title='bbox 1656 4341 1713 4382; x_wconf 92' lang='lat' dir='ltr'>non</span> <span class='ocrx_word' id='word_1_569' title='bbox 1743 4325 1859 4381; x_wconf 90' lang='lat' dir='ltr'>sustinet</span> <span class='ocrx_word' id='word_1_570' title='bbox 1883 4341 1961 4383; x_wconf 91' lang='lat' dir='ltr'>usus.</span> 
     </span>
     <span class='ocr_line' id='line_1_43' title="bbox 339 4416 1961 4497; baseline -0.007 -11"><span class='ocrx_word' id='word_1_571' title='bbox 339 4429 377 4486; x_wconf 91' lang='lat' dir='ltr'>sit</span> <span class='ocrx_word' id='word_1_572' title='bbox 397 4427 493 4484; x_wconf 88' lang='lat' dir='ltr'>ultima</span> <span class='ocrx_word' id='word_1_573' title='bbox 516 4439 580 4497; x_wconf 87' lang='lat' dir='ltr'>pars</span> <span class='ocrx_word' id='word_1_574' title='bbox 611 4423 708 4487; x_wconf 85' lang='lat' dir='ltr'>restis,</span> <span class='ocrx_word' id='word_1_575' title='bbox 730 4422 960 4493; x_wconf 86' lang='lat' dir='ltr'>perseverantiam</span> <span class='ocrx_word' id='word_1_576' title='bbox 982 4431 1009 4479; x_wconf 94' lang='lat' dir='ltr'>et</span> <span class='ocrx_word' id='word_1_577' title='bbox 1037 4422 1126 4479; x_wconf 87' lang='lat' dir='ltr'>bono·</span> <span class='ocrx_word' id='word_1_578' title='bbox 1175 4417 1242 4476; x_wconf 89' lang='lat' dir='ltr'>lude</span> <span class='ocrx_word' id='word_1_579' title='bbox 1265 4433 1376 4492; x_wconf 84' lang='lat' dir='ltr'>quoque</span> <span class='ocrx_word' id='word_1_580' title='bbox 1387 4428 1430 4476; x_wconf 89' lang='lat' dir='ltr'>est</span> <span class='ocrx_word' id='word_1_581' title='bbox 1444 4419 1516 4492; x_wconf 85' lang='lat' dir='ltr'>quod</span> <span class='ocrx_word' id='word_1_582' title='bbox 1533 4420 1629 4478; x_wconf 88' lang='lat' dir='ltr'>diebus</span> <span class='ocrx_word' id='word_1_583' title='bbox 1642 4416 1815 4476; x_wconf 85' lang='lat' dir='ltr'>Pentecostcs</span> <span class='ocrx_word' id='word_1_584' title='bbox 1825 4416 1859 4474; x_wconf 93' lang='lat' dir='ltr'>de</span> <span class='ocrx_word' id='word_1_585' title='bbox 1872 4417 1961 4475; x_wconf 84' lang='lat' dir='ltr'>officio</span> 
     </span>
     <span class='ocr_line' id='line_1_44' title="bbox 338 4510 1960 4592; baseline -0.009 -13"><span class='ocrx_word' id='word_1_586' title='bbox 338 4536 402 4579; x_wconf 87' lang='lat' dir='ltr'>rum</span> <span class='ocrx_word' id='word_1_587' title='bbox 421 4534 534 4592; x_wconf 89' lang='lat' dir='ltr'>operum</span> <span class='ocrx_word' id='word_1_588' title='bbox 549 4515 757 4588; x_wconf 88' lang='lat' dir='ltr'>completionem</span> <span class='ocrx_word' id='word_1_589' title='bbox 774 4515 919 4587; x_wconf 88' lang='lat' dir='ltr'>signiticat.</span> <span class='ocrx_word' id='word_1_590' title='bbox 941 4514 1007 4573; x_wconf 87' lang='lat' dir='ltr'>Post</span> <span class='ocrx_word' id='word_1_591' title='bbox 1023 4517 1127 4588; x_wconf 90' lang='lat' dir='ltr'>episto·</span> <span class='ocrx_word' id='word_1_592' title='bbox 1175 4511 1298 4580; x_wconf 92' lang='lat' dir='ltr'>tollitur,</span> <span class='ocrx_word' id='word_1_593' title='bbox 1321 4510 1385 4583; x_wconf 85' lang='lat' dir='ltr'>quia</span> <span class='ocrx_word' id='word_1_594' title='bbox 1409 4520 1474 4569; x_wconf 90' lang='lat' dir='ltr'>tunc</span> <span class='ocrx_word' id='word_1_595' title='bbox 1492 4510 1557 4566; x_wconf 81' lang='lat' dir='ltr'>ielis</span> <span class='ocrx_word' id='word_1_596' title='bbox 1572 4511 1600 4566; x_wconf 91' lang='lat' dir='ltr'>in</span> <span class='ocrx_word' id='word_1_597' title='bbox 1615 4523 1700 4582; x_wconf 90' lang='lat' dir='ltr'>regnu</span> <span class='ocrx_word' id='word_1_598' title='bbox 1713 4518 1741 4566; x_wconf 91' lang='lat' dir='ltr'>et</span> <span class='ocrx_word' id='word_1_599' title='bbox 1754 4511 1846 4581; x_wconf 88' lang='lat' dir='ltr'>quiete</span> <span class='ocrx_word' id='word_1_600' title='bbox 1873 4518 1960 4565; x_wconf 86' lang='lat' dir='ltr'>status</span> 
     </span>
     <span class='ocr_line' id='line_1_45' title="bbox 338 4601 1962 4676; baseline -0.007 -9"><span class='ocrx_word' id='word_1_601' title='bbox 338 4613 407 4676; x_wconf 74' lang='lat' dir='ltr'>hm,</span> <span class='ocrx_word' id='word_1_602' title='bbox 434 4609 536 4666; x_wconf 87' lang='lat' dir='ltr'>chorus</span> <span class='ocrx_word' id='word_1_603' title='bbox 570 4616 653 4664; x_wconf 87' lang='lat' dir='ltr'>cantu</span> <span class='ocrx_word' id='word_1_604' title='bbox 682 4620 796 4663; x_wconf 88' lang='lat' dir='ltr'>resonat</span> <span class='ocrx_word' id='word_1_605' title='bbox 837 4607 978 4676; x_wconf 87' lang='lat' dir='ltr'>graduale,</span> <span class='ocrx_word' id='word_1_606' title='bbox 1008 4617 1125 4664; x_wconf 87' lang='lat' dir='ltr'>tractum</span> <span class='ocrx_word' id='word_1_607' title='bbox 1176 4601 1305 4660; x_wconf 75' lang='lat' dir='ltr'>Ecclesia</span> <span class='ocrx_word' id='word_1_608' title='bbox 1329 4604 1530 4675; x_wconf 76' lang='lat' dir='ltr'>praefiguratur.</span> <span class='ocrx_word' id='word_1_609' title='bbox 1559 4601 1625 4659; x_wconf 89' lang='lat' dir='ltr'>lnde</span> <span class='ocrx_word' id='word_1_610' title='bbox 1641 4602 1723 4659; x_wconf 84' lang='lat' dir='ltr'>etiam</span> <span class='ocrx_word' id='word_1_611' title='bbox 1747 4611 1799 4670; x_wconf 90' lang='lat' dir='ltr'>est,</span> <span class='ocrx_word' id='word_1_612' title='bbox 1814 4601 1962 4673; x_wconf 82' lang='lat' dir='ltr'>qrrodcan·</span> 
     </span>
     <span class='ocr_line' id='line_1_46' title="bbox 340 4693 1963 4776; baseline -0.007 -17"><span class='ocrx_word' id='word_1_613' title='bbox 340 4704 466 4771; x_wconf 79' lang='lat' dir='ltr'>Alteluia,</span> <span class='ocrx_word' id='word_1_614' title='bbox 508 4717 571 4759; x_wconf 91' lang='lat' dir='ltr'>cum</span> <span class='ocrx_word' id='word_1_615' title='bbox 598 4700 733 4769; x_wconf 84' lang='lat' dir='ltr'>versibus,</span> <span class='ocrx_word' id='word_1_616' title='bbox 765 4700 872 4757; x_wconf 90' lang='lat' dir='ltr'>neumis</span> <span class='ocrx_word' id='word_1_617' title='bbox 906 4709 934 4757; x_wconf 92' lang='lat' dir='ltr'>et</span> <span class='ocrx_word' id='word_1_618' title='bbox 964 4693 1221 4772; x_wconf 67' lang='lat' dir='ltr'>aequepotentes</span> <span class='ocrx_word' id='word_1_619' title='bbox 1243 4694 1342 4752; x_wconf 87' lang='lat' dir='ltr'>similis</span> <span class='ocrx_word' id='word_1_620' title='bbox 1363 4695 1464 4766; x_wconf 84' lang='lat' dir='ltr'>illiqui</span> <span class='ocrx_word' id='word_1_621' title='bbox 1487 4697 1514 4750; x_wconf 93' lang='lat' dir='ltr'>in</span> <span class='ocrx_word' id='word_1_622' title='bbox 1538 4694 1786 4766; x_wconf 89' lang='lat' dir='ltr'>valleplorationls</span> <span class='ocrx_word' id='word_1_623' title='bbox 1807 4693 1963 4776; x_wconf 90' lang='lat' dir='ltr'>positus¹¹,</span> 
     </span>
     <span class='ocr_line' id='line_1_47' title="bbox 341 4785 1962 4876; baseline -0.009 -23"><span class='ocrx_word' id='word_1_624' title='bbox 341 4788 414 4854; x_wconf 85' lang='lat' dir='ltr'>llsus</span> <span class='ocrx_word' id='word_1_625' title='bbox 437 4796 519 4853; x_wconf 89' lang='lat' dir='ltr'>ctiam</span> <span class='ocrx_word' id='word_1_626' title='bbox 542 4803 673 4851; x_wconf 75' lang='lat' dir='ltr'>mutuum</span> <span class='ocrx_word' id='word_1_627' title='bbox 694 4801 726 4849; x_wconf 93' lang='lat' dir='ltr'>ut</span> <span class='ocrx_word' id='word_1_628' title='bbox 749 4793 778 4848; x_wconf 91' lang='lat' dir='ltr'>in</span> <span class='ocrx_word' id='word_1_629' title='bbox 803 4791 890 4849; x_wconf 86' lang='lat' dir='ltr'>Esdra</span> <span class='ocrx_word' id='word_1_630' title='bbox 907 4793 1017 4866; x_wconf 89' lang='lat' dir='ltr'>legitur,</span> <span class='ocrx_word' id='word_1_631' title='bbox 1037 4793 1125 4866; x_wconf 88' lang='lat' dir='ltr'>origi·</span> <span class='ocrx_word' id='word_1_632' title='bbox 1175 4787 1351 4844; x_wconf 87' lang='lat' dir='ltr'>ascensiones</span> <span class='ocrx_word' id='word_1_633' title='bbox 1373 4797 1465 4844; x_wconf 91' lang='lat' dir='ltr'>tamen</span> <span class='ocrx_word' id='word_1_634' title='bbox 1488 4787 1516 4845; x_wconf 90' lang='lat' dir='ltr'>in</span> <span class='ocrx_word' id='word_1_635' title='bbox 1533 4787 1615 4844; x_wconf 90' lang='lat' dir='ltr'>corde</span> <span class='ocrx_word' id='word_1_636' title='bbox 1629 4802 1680 4845; x_wconf 92' lang='lat' dir='ltr'>suo</span> <span class='ocrx_word' id='word_1_637' title='bbox 1694 4785 1838 4856; x_wconf 89' lang='lat' dir='ltr'>disposuit,</span> <span class='ocrx_word' id='word_1_638' title='bbox 1851 4793 1878 4840; x_wconf 93' lang='lat' dir='ltr'>et</span> <span class='ocrx_word' id='word_1_639' title='bbox 1901 4799 1962 4876; x_wconf 57' lang='lat' dir='ltr'>poef</span> 
     </span>
     <span class='ocr_line' id='line_1_48' title="bbox 339 4879 1961 4957; baseline -0.009 -12"><span class='ocrx_word' id='word_1_640' title='bbox 339 4903 402 4945; x_wconf 88' lang='lat' dir='ltr'>nem</span> <span class='ocrx_word' id='word_1_641' title='bbox 424 4887 508 4944; x_wconf 84' lang='lat' dir='ltr'>traxit</span> <span class='ocrx_word' id='word_1_642' title='bbox 531 4901 547 4943; x_wconf 90' lang='lat' dir='ltr'>a</span> <span class='ocrx_word' id='word_1_643' title='bbox 571 4883 662 4943; x_wconf 82' lang='lat' dir='ltr'>Veteri</span> <span class='ocrx_word' id='word_1_644' title='bbox 682 4885 879 4952; x_wconf 84' lang='lat' dir='ltr'>Testamento;</span> <span class='ocrx_word' id='word_1_645' title='bbox 905 4885 1125 4957; x_wconf 86' lang='lat' dir='ltr'>gradualia,tra·</span> <span class='ocrx_word' id='word_1_646' title='bbox 1174 4879 1295 4937; x_wconf 69' lang='lat' dir='ltr'>nitentia</span> <span class='ocrx_word' id='word_1_647' title='bbox 1308 4881 1455 4952; x_wconf 91' lang='lat' dir='ltr'>ploratum,</span> <span class='ocrx_word' id='word_1_648' title='bbox 1474 4890 1502 4938; x_wconf 89' lang='lat' dir='ltr'>et</span> <span class='ocrx_word' id='word_1_649' title='bbox 1515 4882 1675 4938; x_wconf 88' lang='lat' dir='ltr'>humilitatis</span> <span class='ocrx_word' id='word_1_650' title='bbox 1688 4879 1812 4952; x_wconf 69' lang='lat' dir='ltr'>madium,</span> <span class='ocrx_word' id='word_1_651' title='bbox 1828 4885 1856 4933; x_wconf 91' lang='lat' dir='ltr'>et</span> <span class='ocrx_word' id='word_1_652' title='bbox 1864 4891 1961 4932; x_wconf 87' lang='lat' dir='ltr'>aseen-</span> 
     </span>
     <span class='ocr_line' id='line_1_49' title="bbox 338 4968 1962 5050; baseline -0.009 -13"><span class='ocrx_word' id='word_1_653' title='bbox 338 4992 401 5037; x_wconf 89' lang='lat' dir='ltr'>ctus</span> <span class='ocrx_word' id='word_1_654' title='bbox 417 4990 445 5036; x_wconf 91' lang='lat' dir='ltr'>et</span> <span class='ocrx_word' id='word_1_655' title='bbox 458 4979 578 5047; x_wconf 90' lang='lat' dir='ltr'>alleluia,</span> <span class='ocrx_word' id='word_1_656' title='bbox 613 4977 776 5035; x_wconf 77' lang='lat' dir='ltr'>Ambrosius</span> <span class='ocrx_word' id='word_1_657' title='bbox 790 4986 818 5035; x_wconf 89' lang='lat' dir='ltr'>et</span> <span class='ocrx_word' id='word_1_658' title='bbox 839 4978 989 5050; x_wconf 86' lang='lat' dir='ltr'>Gregorius</span> <span class='ocrx_word' id='word_1_659' title='bbox 1004 4987 1032 5035; x_wconf 89' lang='lat' dir='ltr'>et</span> <span class='ocrx_word' id='word_1_660' title='bbox 1048 4978 1126 5035; x_wconf 84' lang='lat' dir='ltr'>Gela·</span> <span class='ocrx_word' id='word_1_661' title='bbox 1174 4970 1262 5028; x_wconf 74' lang='lat' dir='ltr'>sionis</span> <span class='ocrx_word' id='word_1_662' title='bbox 1281 4971 1401 5042; x_wconf 84' lang='lat' dir='ltr'>initium,</span> <span class='ocrx_word' id='word_1_663' title='bbox 1427 4974 1489 5030; x_wconf 91' lang='lat' dir='ltr'>loco</span> <span class='ocrx_word' id='word_1_664' title='bbox 1510 4974 1612 5041; x_wconf 90' lang='lat' dir='ltr'>innuit,</span> <span class='ocrx_word' id='word_1_665' title='bbox 1637 4988 1700 5029; x_wconf 92' lang='lat' dir='ltr'>com</span> <span class='ocrx_word' id='word_1_666' title='bbox 1724 4971 1758 5026; x_wconf 88' lang='lat' dir='ltr'>ad</span> <span class='ocrx_word' id='word_1_667' title='bbox 1781 4969 1897 5042; x_wconf 87' lang='lat' dir='ltr'>gradum</span> <span class='ocrx_word' id='word_1_668' title='bbox 1920 4968 1962 5023; x_wconf 92' lang='lat' dir='ltr'>iu-</span> 
     </span>
     <span class='ocr_line' id='line_1_50' title="bbox 338 5059 1962 5140; baseline -0.009 -10"><span class='ocrx_word' id='word_1_669' title='bbox 338 5071 632 5140; x_wconf 89' lang='lat' dir='ltr'>siuscomposueruut</span> <span class='ocrx_word' id='word_1_670' title='bbox 655 5068 740 5125; x_wconf 89' lang='lat' dir='ltr'>etad</span> <span class='ocrx_word' id='word_1_671' title='bbox 767 5069 879 5126; x_wconf 88' lang='lat' dir='ltr'>missam</span> <span class='ocrx_word' id='word_1_672' title='bbox 907 5070 1013 5127; x_wconf 90' lang='lat' dir='ltr'>cantari</span> <span class='ocrx_word' id='word_1_673' title='bbox 1037 5079 1126 5127; x_wconf 89' lang='lat' dir='ltr'>statu·</span> <span class='ocrx_word' id='word_1_674' title='bbox 1173 5062 1260 5122; x_wconf 85' lang='lat' dir='ltr'>icrior</span> <span class='ocrx_word' id='word_1_675' title='bbox 1280 5079 1325 5134; x_wconf 90' lang='lat' dir='ltr'>eu,</span> <span class='ocrx_word' id='word_1_676' title='bbox 1358 5066 1405 5138; x_wconf 88' lang='lat' dir='ltr'>qui</span> <span class='ocrx_word' id='word_1_677' title='bbox 1429 5066 1551 5124; x_wconf 89' lang='lat' dir='ltr'>conciuit</span> <span class='ocrx_word' id='word_1_678' title='bbox 1589 5065 1709 5132; x_wconf 84' lang='lat' dir='ltr'>alleluiu,</span> <span class='ocrx_word' id='word_1_679' title='bbox 1741 5063 1873 5135; x_wconf 77' lang='lat' dir='ltr'>persistit</span> <span class='ocrx_word' id='word_1_680' title='bbox 1897 5059 1962 5116; x_wconf 86' lang='lat' dir='ltr'>lude</span> 
     </span>
     <span class='ocr_line' id='line_1_51' title="bbox 339 5158 1962 5235; baseline -0.01 -10"><span class='ocrx_word' id='word_1_681' title='bbox 339 5173 434 5225; x_wconf 83' lang='lat' dir='ltr'>arunt.</span> <span class='ocrx_word' id='word_1_682' title='bbox 446 5162 630 5235; x_wconf 78' lang='lat' dir='ltr'>llieronymus</span> <span class='ocrx_word' id='word_1_683' title='bbox 646 5169 737 5217; x_wconf 87' lang='lat' dir='ltr'>tamen</span> <span class='ocrx_word' id='word_1_684' title='bbox 750 5161 799 5227; x_wconf 90' lang='lat' dir='ltr'>ait,</span> <span class='ocrx_word' id='word_1_685' title='bbox 826 5161 899 5232; x_wconf 84' lang='lat' dir='ltr'>quod</span> <span class='ocrx_word' id='word_1_686' title='bbox 920 5161 1029 5219; x_wconf 88' lang='lat' dir='ltr'>alleluia</span> <span class='ocrx_word' id='word_1_687' title='bbox 1048 5162 1124 5219; x_wconf 87' lang='lat' dir='ltr'>dice·</span> <span class='ocrx_word' id='word_1_688' title='bbox 1175 5171 1284 5230; x_wconf 81' lang='lat' dir='ltr'>quoque</span> <span class='ocrx_word' id='word_1_689' title='bbox 1304 5166 1346 5215; x_wconf 90' lang='lat' dir='ltr'>est</span> <span class='ocrx_word' id='word_1_690' title='bbox 1362 5158 1436 5230; x_wconf 82' lang='lat' dir='ltr'>quod</span> <span class='ocrx_word' id='word_1_691' title='bbox 1450 5168 1477 5217; x_wconf 90' lang='lat' dir='ltr'>et</span> <span class='ocrx_word' id='word_1_692' title='bbox 1495 5159 1523 5215; x_wconf 90' lang='lat' dir='ltr'>in</span> <span class='ocrx_word' id='word_1_693' title='bbox 1534 5159 1663 5232; x_wconf 84' lang='lat' dir='ltr'>gradibus</span> <span class='ocrx_word' id='word_1_694' title='bbox 1678 5165 1814 5222; x_wconf 91' lang='lat' dir='ltr'>cantatur,</span> <span class='ocrx_word' id='word_1_695' title='bbox 1827 5162 1854 5210; x_wconf 93' lang='lat' dir='ltr'>et</span> <span class='ocrx_word' id='word_1_696' title='bbox 1868 5169 1883 5208; x_wconf 90' lang='lat' dir='ltr'>a</span> <span class='ocrx_word' id='word_1_697' title='bbox 1899 5168 1962 5224; x_wconf 91' lang='lat' dir='ltr'>gra-</span> 
     </span>
     <span class='ocr_line' id='line_1_52' title="bbox 335 5247 1960 5325; baseline -0.01 -9"><span class='ocrx_word' id='word_1_698' title='bbox 335 5266 413 5316; x_wconf 75' lang='lat' dir='ltr'>tetur</span> <span class='ocrx_word' id='word_1_699' title='bbox 433 5255 462 5311; x_wconf 92' lang='lat' dir='ltr'>in</span> <span class='ocrx_word' id='word_1_700' title='bbox 486 5254 582 5321; x_wconf 88' lang='lat' dir='ltr'>missa,</span> <span class='ocrx_word' id='word_1_701' title='bbox 594 5262 710 5309; x_wconf 88' lang='lat' dir='ltr'>tractum</span> <span class='ocrx_word' id='word_1_702' title='bbox 727 5267 789 5309; x_wconf 90' lang='lat' dir='ltr'>esse</span> <span class='ocrx_word' id='word_1_703' title='bbox 803 5252 839 5307; x_wconf 91' lang='lat' dir='ltr'>de</span> <span class='ocrx_word' id='word_1_704' title='bbox 866 5250 1119 5325; x_wconf 76' lang='lat' dir='ltr'>Hierosolymorum</span> <span class='ocrx_word' id='word_1_705' title='bbox 1175 5249 1256 5307; x_wconf 88' lang='lat' dir='ltr'>dibus</span> <span class='ocrx_word' id='word_1_706' title='bbox 1269 5251 1424 5319; x_wconf 85' lang='lat' dir='ltr'>derivatur;</span> <span class='ocrx_word' id='word_1_707' title='bbox 1437 5254 1567 5325; x_wconf 79' lang='lat' dir='ltr'>quoniam</span> <span class='ocrx_word' id='word_1_708' title='bbox 1586 5253 1750 5324; x_wconf 78' lang='lat' dir='ltr'>poenitentes</span> <span class='ocrx_word' id='word_1_709' title='bbox 1766 5257 1794 5306; x_wconf 92' lang='lat' dir='ltr'>et</span> <span class='ocrx_word' id='word_1_710' title='bbox 1804 5247 1884 5304; x_wconf 88' lang='lat' dir='ltr'>activi</span> <span class='ocrx_word' id='word_1_711' title='bbox 1896 5261 1960 5318; x_wconf 78' lang='lat' dir='ltr'>pro·</span> 
     </span>
     <span class='ocr_line' id='line_1_53' title="bbox 337 5340 1959 5418; baseline -0.006 -13"><span class='ocrx_word' id='word_1_712' title='bbox 337 5345 468 5405; x_wconf 67' lang='lat' dir='ltr'>scelesta.</span> <span class='ocrx_word' id='word_1_713' title='bbox 484 5343 638 5408; x_wconf 84' lang='lat' dir='ltr'>Nocherus,</span> <span class='ocrx_word' id='word_1_714' title='bbox 656 5343 740 5398; x_wconf 83' lang='lat' dir='ltr'>abbas</span> <span class='ocrx_word' id='word_1_715' title='bbox 760 5340 854 5397; x_wconf 87' lang='lat' dir='ltr'>Sancti</span> <span class='ocrx_word' id='word_1_716' title='bbox 870 5340 951 5411; x_wconf 83' lang='lat' dir='ltr'>Galli,</span> <span class='ocrx_word' id='word_1_717' title='bbox 974 5342 1052 5414; x_wconf 89' lang='lat' dir='ltr'>prius</span> <span class='ocrx_word' id='word_1_718' title='bbox 1078 5358 1122 5398; x_wconf 90' lang='lat' dir='ltr'>se·</span> <span class='ocrx_word' id='word_1_719' title='bbox 1175 5342 1272 5400; x_wconf 83' lang='lat' dir='ltr'>deiunt</span> <span class='ocrx_word' id='word_1_720' title='bbox 1293 5344 1322 5401; x_wconf 92' lang='lat' dir='ltr'>in</span> <span class='ocrx_word' id='word_1_721' title='bbox 1335 5347 1465 5418; x_wconf 87' lang='lat' dir='ltr'>gradibus</span> <span class='ocrx_word' id='word_1_722' title='bbox 1481 5347 1623 5413; x_wconf 87' lang='lat' dir='ltr'>virtutum,</span> <span class='ocrx_word' id='word_1_723' title='bbox 1636 5347 1701 5404; x_wconf 88' lang='lat' dir='ltr'>dum</span> <span class='ocrx_word' id='word_1_724' title='bbox 1718 5361 1781 5417; x_wconf 76' lang='lat' dir='ltr'>que</span> <span class='ocrx_word' id='word_1_725' title='bbox 1803 5342 1959 5406; x_wconf 88' lang='lat' dir='ltr'>audierunt,</span> 
     </span>
     <span class='ocr_line' id='line_1_54' title="bbox 337 5433 1961 5514; baseline -0.002 -20"><span class='ocrx_word' id='word_1_726' title='bbox 337 5438 464 5509; x_wconf 83' lang='lat' dir='ltr'>guentias</span> <span class='ocrx_word' id='word_1_727' title='bbox 482 5450 532 5509; x_wconf 90' lang='lat' dir='ltr'>pro</span> <span class='ocrx_word' id='word_1_728' title='bbox 547 5433 655 5491; x_wconf 86' lang='lat' dir='ltr'>neumis</span> <span class='ocrx_word' id='word_1_729' title='bbox 676 5433 764 5505; x_wconf 89' lang='lat' dir='ltr'>ipsius</span> <span class='ocrx_word' id='word_1_730' title='bbox 782 5433 892 5489; x_wconf 88' lang='lat' dir='ltr'>alleluia</span> <span class='ocrx_word' id='word_1_731' title='bbox 911 5433 1078 5505; x_wconf 86' lang='lat' dir='ltr'>composuit,</span> <span class='ocrx_word' id='word_1_732' title='bbox 1093 5442 1122 5490; x_wconf 91' lang='lat' dir='ltr'>et</span> <span class='ocrx_word' id='word_1_733' title='bbox 1178 5437 1308 5508; x_wconf 85' lang='lat' dir='ltr'>operibns</span> <span class='ocrx_word' id='word_1_734' title='bbox 1328 5439 1450 5511; x_wconf 89' lang='lat' dir='ltr'>implent.</span> <span class='ocrx_word' id='word_1_735' title='bbox 1479 5439 1547 5496; x_wconf 82' lang='lat' dir='ltr'>Naar</span> <span class='ocrx_word' id='word_1_736' title='bbox 1566 5442 1592 5495; x_wconf 93' lang='lat' dir='ltr'>iu</span> <span class='ocrx_word' id='word_1_737' title='bbox 1604 5441 1730 5514; x_wconf 56' lang='lat' dir='ltr'>pectione</span> <span class='ocrx_word' id='word_1_738' title='bbox 1750 5437 1889 5494; x_wconf 90' lang='lat' dir='ltr'>auditores</span> <span class='ocrx_word' id='word_1_739' title='bbox 1913 5451 1961 5505; x_wconf 86' lang='lat' dir='ltr'>pa·</span> 
     </span>
     <span class='ocr_line' id='line_1_55' title="bbox 335 5525 1961 5605; baseline -0.002 -19"><span class='ocrx_word' id='word_1_740' title='bbox 335 5529 466 5588; x_wconf 83' lang='lat' dir='ltr'>llicoltus</span> <span class='ocrx_word' id='word_1_741' title='bbox 486 5546 555 5602; x_wconf 86' lang='lat' dir='ltr'>papa</span> <span class='ocrx_word' id='word_1_742' title='bbox 570 5527 605 5585; x_wconf 90' lang='lat' dir='ltr'>ad</span> <span class='ocrx_word' id='word_1_743' title='bbox 628 5527 741 5584; x_wconf 90' lang='lat' dir='ltr'>missam</span> <span class='ocrx_word' id='word_1_744' title='bbox 767 5525 873 5583; x_wconf 86' lang='lat' dir='ltr'>cantari</span> <span class='ocrx_word' id='word_1_745' title='bbox 895 5526 1042 5594; x_wconf 88' lang='lat' dir='ltr'>concessit,</span> <span class='ocrx_word' id='word_1_746' title='bbox 1070 5527 1120 5584; x_wconf 89' lang='lat' dir='ltr'>sed</span> <span class='ocrx_word' id='word_1_747' title='bbox 1178 5537 1311 5600; x_wconf 85' lang='lat' dir='ltr'>scantur,</span> <span class='ocrx_word' id='word_1_748' title='bbox 1326 5532 1413 5589; x_wconf 86' lang='lat' dir='ltr'>sedin</span> <span class='ocrx_word' id='word_1_749' title='bbox 1427 5545 1509 5590; x_wconf 90' lang='lat' dir='ltr'>cantu</span> <span class='ocrx_word' id='word_1_750' title='bbox 1530 5535 1610 5605; x_wconf 84' lang='lat' dir='ltr'>quasi</span> <span class='ocrx_word' id='word_1_751' title='bbox 1636 5542 1728 5590; x_wconf 85' lang='lat' dir='ltr'>aratro</span> <span class='ocrx_word' id='word_1_752' title='bbox 1742 5530 1961 5604; x_wconf 89' lang='lat' dir='ltr'>compunctionis</span> 
     </span>
     <span class='ocr_line' id='line_1_56' title="bbox 336 5617 1959 5693; baseline -0.001 -17"><span class='ocrx_word' id='word_1_753' title='bbox 336 5630 364 5677; x_wconf 91' lang='lat' dir='ltr'>et</span> <span class='ocrx_word' id='word_1_754' title='bbox 381 5619 535 5678; x_wconf 89' lang='lat' dir='ltr'>llermanus</span> <span class='ocrx_word' id='word_1_755' title='bbox 550 5619 727 5689; x_wconf 81' lang='lat' dir='ltr'>Contractus,</span> <span class='ocrx_word' id='word_1_756' title='bbox 753 5619 801 5689; x_wconf 85' lang='lat' dir='ltr'>qui</span> <span class='ocrx_word' id='word_1_757' title='bbox 821 5618 874 5674; x_wconf 88' lang='lat' dir='ltr'>luit</span> <span class='ocrx_word' id='word_1_758' title='bbox 890 5617 1016 5673; x_wconf 85' lang='lat' dir='ltr'>inventor</span> <span class='ocrx_word' id='word_1_759' title='bbox 1030 5626 1122 5674; x_wconf 86' lang='lat' dir='ltr'>astro·</span> <span class='ocrx_word' id='word_1_760' title='bbox 1173 5622 1259 5678; x_wconf 90' lang='lat' dir='ltr'>corda</span> <span class='ocrx_word' id='word_1_761' title='bbox 1272 5624 1504 5693; x_wconf 89' lang='lat' dir='ltr'>conscinduntur;</span> <span class='ocrx_word' id='word_1_762' title='bbox 1527 5627 1608 5683; x_wconf 85' lang='lat' dir='ltr'>lrabet</span> <span class='ocrx_word' id='word_1_763' title='bbox 1630 5628 1702 5683; x_wconf 90' lang='lat' dir='ltr'>euim</span> <span class='ocrx_word' id='word_1_764' title='bbox 1724 5627 1830 5683; x_wconf 86' lang='lat' dir='ltr'>musica</span> <span class='ocrx_word' id='word_1_765' title='bbox 1845 5632 1959 5679; x_wconf 89' lang='lat' dir='ltr'>natura·</span> 
     </span>
     <span class='ocr_line' id='line_1_57' title="bbox 336 5707 1962 5785; baseline 0.001 -18"><span class='ocrx_word' id='word_1_766' title='bbox 336 5709 413 5780; x_wconf 83' lang='lat' dir='ltr'>labii,</span> <span class='ocrx_word' id='word_1_767' title='bbox 427 5711 492 5767; x_wconf 88' lang='lat' dir='ltr'>iecit</span> <span class='ocrx_word' id='word_1_768' title='bbox 506 5729 513 5766; x_wconf 92' lang='lat'>:</span> <span class='ocrx_word' id='word_1_769' title='bbox 525 5711 581 5767; x_wconf 83' lang='lat' dir='ltr'>lies</span> <span class='ocrx_word' id='word_1_770' title='bbox 594 5713 768 5784; x_wconf 82' lang='lat' dir='ltr'>omnipotens,</span> <span class='ocrx_word' id='word_1_771' title='bbox 784 5709 833 5766; x_wconf 83' lang='lat' dir='ltr'>ilie</span> <span class='ocrx_word' id='word_1_772' title='bbox 847 5709 986 5778; x_wconf 75' lang='lat' dir='ltr'>laodicrrru,</span> <span class='ocrx_word' id='word_1_773' title='bbox 1005 5719 1033 5766; x_wconf 90' lang='lat' dir='ltr'>et</span> <span class='ocrx_word' id='word_1_774' title='bbox 1052 5707 1121 5765; x_wconf 85' lang='lat' dir='ltr'>Sau-</span> <span class='ocrx_word' id='word_1_775' title='bbox 1171 5711 1224 5768; x_wconf 89' lang='lat' dir='ltr'>lem</span> <span class='ocrx_word' id='word_1_776' title='bbox 1238 5715 1384 5785; x_wconf 88' lang='lat' dir='ltr'>quamdam</span> <span class='ocrx_word' id='word_1_777' title='bbox 1408 5716 1462 5772; x_wconf 90' lang='lat' dir='ltr'>vim</span> <span class='ocrx_word' id='word_1_778' title='bbox 1480 5716 1513 5773; x_wconf 89' lang='lat' dir='ltr'>ad</span> <span class='ocrx_word' id='word_1_779' title='bbox 1537 5717 1700 5776; x_wconf 87' lang='lat' dir='ltr'>sscctcudum</span> <span class='ocrx_word' id='word_1_780' title='bbox 1729 5719 1863 5782; x_wconf 90' lang='lat' dir='ltr'>animum,</span> <span class='ocrx_word' id='word_1_781' title='bbox 1888 5715 1962 5772; x_wconf 91' lang='lat' dir='ltr'>sicut</span> 
     </span>
    </p>
   </div>
   <div class='ocr_carea' id='block_1_3' title="bbox 328 5902 1958 6078">
    <p class='ocr_par' dir='ltr' id='par_1_4' title="bbox 328 5902 1958 6078">
     <span class='ocr_line' id='line_1_58' title="bbox 328 5902 1958 5993; baseline 0 -19"><span class='ocrx_word' id='word_1_782' title='bbox 328 5902 334 5914; x_wconf 70' lang='grc'>’</span> <span class='ocrx_word' id='word_1_783' title='bbox 370 5917 553 5976; x_wconf 68' lang='lat' dir='ltr'>&#39;trastulit</span> <span class='ocrx_word' id='word_1_784' title='bbox 587 5918 770 5976; x_wconf 66' lang='lat' dir='ltr'>’ll&#39;rtms</span> <span class='ocrx_word' id='word_1_785' title='bbox 821 5919 843 5952; x_wconf 91' lang='lat'>¹¹</span> <span class='ocrx_word' id='word_1_786' title='bbox 862 5914 929 5973; x_wconf 62' lang='lat' dir='ltr'>lruc.</span> <span class='ocrx_word' id='word_1_787' title='bbox 956 5914 999 5970; x_wconf 83' lang='lat' dir='ltr'>lo.</span> <span class='ocrx_word' id='word_1_788' title='bbox 1050 5913 1071 5947; x_wconf 85' lang='lat'>¹¹</span> <span class='ocrx_word' id='word_1_789' title='bbox 1092 5911 1186 5974; x_wconf 85' lang='lat' dir='ltr'>llattlr.</span> <span class='ocrx_word' id='word_1_790' title='bbox 1212 5919 1254 5978; x_wconf 67' lang='lat' dir='ltr'>li.</span> <span class='ocrx_word' id='word_1_791' title='bbox 1294 5921 1315 5957; x_wconf 91' lang='lat'>¹¹</span> <span class='ocrx_word' id='word_1_792' title='bbox 1331 5918 1583 5993; x_wconf 79' lang='lat' dir='ltr'>Luc.t;lsa.dl.</span> <span class='ocrx_word' id='word_1_793' title='bbox 1624 5921 1796 5978; x_wconf 62' lang='lat' dir='ltr'>”Muttinis</span> <span class='ocrx_word' id='word_1_794' title='bbox 1838 5918 1860 5952; x_wconf 69' lang='lat'>¹¹</span> <span class='ocrx_word' id='word_1_795' title='bbox 1883 5916 1958 5975; x_wconf 78' lang='lat' dir='ltr'>Pani.</span> 
     </span>
     <span class='ocr_line' id='line_1_59' title="bbox 337 5983 1898 6078; baseline -0.007 -33"><span class='ocrx_word' id='word_1_796' title='bbox 337 5989 398 6048; x_wconf 71' lang='lat' dir='ltr'>tat.</span> <span class='ocrx_word' id='word_1_797' title='bbox 433 5993 455 6024; x_wconf 84' lang='lat'>¹⁸</span> <span class='ocrx_word' id='word_1_798' title='bbox 472 5989 629 6068; x_wconf 57' lang='lat' dir='ltr'>Excute„</span> <span class='ocrx_word' id='word_1_799' title='bbox 655 5992 677 6026; x_wconf 86' lang='lat'>¹¹</span> <span class='ocrx_word' id='word_1_800' title='bbox 693 5989 764 6047; x_wconf 81' lang='lat' dir='ltr'>Psal.</span> <span class='ocrx_word' id='word_1_801' title='bbox 781 5988 885 6078; x_wconf 43' lang='lat'>⁸3⁹]</span> <span class='ocrx_word' id='word_1_802' title='bbox 905 5986 978 6044; x_wconf 87' lang='lat' dir='ltr'>Psal.</span> <span class='ocrx_word' id='word_1_803' title='bbox 1002 5983 1047 6042; x_wconf 84' lang='lat' dir='ltr'>st.</span> <span class='ocrx_word' id='word_1_804' title='bbox 1190 5987 1198 6000; x_wconf 89' lang='lat'><strong><em>‘</em></strong></span> <span class='ocrx_word' id='word_1_805' title='bbox 1895 6019 1898 6024; x_wconf 80' lang='grc'><em>.</em></span> 
     </span>
    </p>
   </div>
   <div class='ocr_carea' id='block_1_4' title="bbox 0 0 2180 6709">
    <p class='ocr_par' dir='ltr' id='par_1_5' title="bbox 0 0 2180 6709">
     <span class='ocr_line' id='line_1_60' title="bbox 0 0 2180 6709; baseline 0 6"><span class='ocrx_word' id='word_1_806' title='bbox 0 0 2180 6709; x_wconf 95' lang='lat' dir='ltr'> </span> 
     </span>
    </p>
   </div>
  </div>
 </body>
</html>
