4350 6709
229 603 284 662 ets

765 603 866 668 LIBER
884 604 928 659 DE
950 604 1177 660 satellitem
1194 605 1326 667 altttlAE.

1802 614 1854 673 dit

229 712 359 770 utilitatis
382 708 481 769 neuren
496 714 675 770 aestimatione
697 719 816 773 annectit.
841 732 901 774 sua.
917 716 1015 773 Oscn·
1030 726 1051 782 Α
1067 718 1167 773 misera
1177 727 1204 773 et
1215 721 1329 790 periuria
1352 721 1441 777 tristis
1450 698 1545 780 erecta
1567 733 1620 792 est,
1645 729 1708 798 quia
1735 744 1778 786 ea.
1794 748 1855 804 qnae

229 820 291 862 suta
306 803 426 859 bominis
448 803 587 858 rationalis
601 804 716 859 inultum
745 820 760 857 a
786 806 888 860 ratione
900 805 1015 877 degene-

228 898 352 952 rantem!
366 895 460 951 Solent
481 896 607 951 hemines
631 912 681 965 pro
706 899 813 952 irredico
829 897 888 950 auri
911 898 952 952 rel
970 913 1015 950 ar-

227 987 301 1058 genti
316 979 436 1056 ¹pendere
450 985 630 1055 pretiosarum
649 994 675 1040 et
694 985 958 1056 pernecessariarum
972 1000 1016 1039 re-

228 1092 301 1139 rum,
318 1074 447 1130 frumenti
464 1075 585 1138 scilicet,
602 1074 658 1128 vini
673 1076 716 1129 ael
730 1075 782 1130 olei
798 1091 879 1145 quam
906 1075 1014 1145 pondus

228 1166 381 1237 pergrande
402 1164 507 1235 argenti
533 1166 658 1221 velauri.
687 1164 749 1221 llaec
776 1168 850 1220 renim
874 1165 1015 1220 horarinum

227 1263 384 1312 sustentant
407 1264 433 1311 et
448 1256 525 1310 alunt
536 1255 639 1321 ritam;
656 1256 701 1310 illa
715 1272 777 1312 rere
789 1256 887 1310 saletis
898 1264 925 1309 ct
940 1270 1015 1309 eoru-

227 1348 301 1403 merli
316 1348 395 1412 nibil,
423 1349 572 1417 plurimum
596 1363 661 1403 rere
688 1348 853 1404 incernmodi
872 1356 899 1403 et
923 1346 1014 1417 perdi·

226 1433 311 1488 tionis
323 1434 480 1489 bominibus
495 1433 669 1490 addiderunt.
687 1434 785 1490 Errare
801 1442 842 1490 est
858 1449 922 1505 crgo
936 1436 1014 1488 aliter

226 1520 261 1574 (le
274 1521 365 1584 rebus,
377 1537 457 1592 quarn
474 1523 539 1592 ipse
552 1538 634 1578 resse
648 1524 758 1587 lralrent,
779 1523 913 1591 jardieare,
929 1530 955 1576 ct
970 1536 1014 1576 res

227 1609 313 1663 introi
329 1594 428 1675 inreriti,
443 1611 570 1666 meliores
584 1611 743 1665 melioribus
757 1610 902 1664 aestimare.

263 1699 317 1754 Sed
330 1700 398 1754 lallit
408 1700 531 1754 lromines
544 1701 663 1755 neerlurn
678 1701 825 1771 peremnia
836 1700 952 1755 elimatae
965 1716 1011 1755 re-

226 1790 316 1845 ritatis
326 1790 461 1845 tramitem
478 1790 632 1861 gradientes
652 1792 746 1844 talium
760 1805 851 1845 rerum
874 1799 1011 1859 postrema

225 1880 350 1950 quaedarn
362 1888 389 1935 et
398 1896 511 1950 prorsus
523 1882 626 1937 inutilis
642 1883 824 1951 pulchritudo,
841 1888 870 1937 ut
880 1889 1010 1950 qnantum

225 1973 367 2040 speciosae,
384 1979 489 2026 tanturn
501 1972 626 2042 pretiosae
641 1974 674 2026 ab
686 1974 819 2042 irnperitis
831 1974 1010 2028 estirnentur.

1066 810 1208 877 aeqnatiter
1222 810 1349 868 omnibus
1364 812 1461 877 divisa,
1474 813 1605 872 omnibus
1619 818 1779 877 sufficientia
1793 838 1855 881 esse

1067 908 1202 968 poterant,
1219 901 1309 973 aliqua
1323 902 1374 958 bac
1389 906 1545 975 equalitate
1566 923 1621 963 non
1644 912 1775 978 contenti,
1787 914 1852 973 dum

1066 990 1118 1044 sibi
1138 991 1295 1062 superdea,
1312 994 1559 1066 quomodocunque
1574 999 1710 1069 acquisita
1736 1010 1854 1060 attraxe-

1065 1083 1138 1140 runt,
1157 1077 1304 1131 inultorum
1333 1080 1492 1134 necessitati
1518 1081 1610 1136 debita
1639 1094 1799 1155 rapuerunt.
1822 1086 1851 1144 Si

1065 1163 1137 1216 enim
1157 1166 1325 1221 necessariis
1340 1168 1462 1221 coartenti
1477 1174 1569 1223 essent
1582 1170 1717 1235 bonrlnes,
1728 1172 1854 1232 srrfflcere

1065 1259 1175 1319 possent
1185 1255 1313 1309 erunibus
1328 1257 1436 1321 onrnia;
1452 1264 1478 1310 et
1490 1258 1513 1312 si
1539 1260 1613 1337 qnod
1628 1267 1732 1316 natura
1743 1271 1785 1318 sat
1798 1268 1851 1331 est,

1065 1343 1169 1411 replere
1180 1352 1285 1399 teritum
1304 1347 1480 1417 indigentiam
1495 1351 1615 1417 vellent,
1633 1368 1761 1423 agrorum
1778 1355 1852 1413 mul·

1065 1438 1154 1485 torum
1170 1444 1196 1487 et
1218 1437 1424 1502 possessionum
1451 1439 1566 1493 latarum
1583 1441 1706 1497 redditus
1729 1459 1785 1499 nen
1797 1458 1854 1499 am·

1064 1521 1163 1576 birent.
1183 1522 1210 1576 ld
1225 1525 1296 1578 cuim
1312 1527 1483 1582 solummodo
1498 1528 1532 1582 ab
1547 1528 1656 1585 henrine
1670 1534 1850 1602 appetendum

1063 1617 1116 1674 est,
1128 1613 1199 1681 qnod
1226 1621 1330 1669 araturae
1343 1616 1461 1682 sufficit,
1478 1634 1531 1673 non
1555 1620 1628 1689 quod
1645 1623 1771 1694 rtrlrrptas
1785 1640 1854 1682 cett·

1063 1703 1190 1770 cupiscit.
1204 1704 1244 1756 Tu
1257 1721 1332 1775 ergo,
1346 1710 1368 1760 si
1383 1715 1486 1762 naturae
1495 1717 1600 1763 tantem
1614 1712 1853 1785 satisfacereque-

1064 1794 1155 1855 sieris,
1182 1797 1276 1864 paucis
1292 1796 1466 1866 minimisque
1491 1808 1638 1857 conitentes
1662 1803 1728 1883 eris,
1757 1805 1852 1879 sieque

1063 1883 1185 1938 studebis
1199 1885 1298 1950 visere,
1316 1894 1345 1938 ut
1361 1887 1428 1940 nibil
1444 1889 1471 1941 iu
1496 1898 1550 1943 urta
1576 1899 1706 1961 appetas,
1732 1908 1786 1963 que
1801 1908 1851 1949 ea·

1065 1989 1124 2029 rere
1134 1976 1223 2044 possis
1237 1986 1263 2031 et
1274 1977 1373 2032 virere.

226 2065 281 2121 Seri
291 2072 361 2129 esto,
373 2065 409 2120 sit
425 2065 517 2118 talium
544 2079 636 2118 rerum
666 2071 740 2117 tanta
758 2064 888 2134 dignitas,
910 2071 1011 2132 quanta
1029 2032 1048 2090 Β
1063 2065 1128 2120 Car.
1141 2065 1234 2123 xt'llt.
1252 2067 1288 2121 lle
1299 2068 1485 2123 coartennreude
1498 2072 1604 2125 certitas
1616 2070 1707 2126 decere
1718 2082 1742 2127 et
1756 2073 1849 2143 pretio.

224 2162 251 2210 et
266 2161 410 2217 venustam
431 2155 496 2224 quid
519 2162 609 2210 tamen
631 2163 677 2209 tua
690 2154 784 2218 relect,
808 2155 930 2219 eboreo,
950 2154 1011 2223 pul·

224 2247 352 2301 chritudo
366 2245 464 2309 aliena,
487 2260 569 2316 quarn
594 2246 723 2300 admirer-i
746 2254 834 2316 pates,
861 2245 908 2300 sed
936 2255 1010 2298 tuam

223 2336 348 2408 prolecto
372 2336 462 2392 lacere
473 2352 527 2391 nen
550 2338 650 2407 potes?
664 2337 686 2403 Q
698 2352 754 2390 rare
778 2351 843 2406 ergo
866 2335 1010 2389 admireris

223 2444 335 2484 amesve
344 2443 387 2492 ea,
400 2444 461 2498 quae
475 2436 521 2482 tua
534 2443 588 2483 tren
606 2438 680 2490 sttrrt,
701 2435 729 2483 et
743 2444 803 2497 quae
814 2434 861 2480 tue
872 2442 963 2481 amere
983 2433 1011 2480 ct

223 2518 405 2575 admiratione
429 2534 543 2589 prorsus
568 2518 677 2588 indigna
704 2520 787 2573 senti
806 2517 919 2573 Sienim
936 2527 1009 2570 tnarn

224 2608 376 2680 perpendas
392 2609 562 2680 dignitatem,
584 2610 687 2663 nullius
702 2610 857 2662 inanimatae
877 2607 914 2661 rei
927 2607 1010 2661 ruira-

222 2697 296 2753 beris
309 2696 472 2753 claritatem.
490 2696 587 2752 Omnia
601 2699 673 2751 terrim
688 2698 837 2751 inanimata
853 2703 906 2750 tuae
920 2695 1011 2749 erce!-

222 2788 313 2844 lentiae
329 2788 479 2853 subtracta,
495 2788 676 2843 admiratione
690 2789 815 2843 ridentur
826 2787 946 2856 indigna.

198 2888 201 2894 '
256 2878 390 2948 Quisquis
404 2895 468 2952 erge
497 2882 561 2935 talia
584 2880 710 2942 miratur,
739 2879 902 2949 diligit,rel
919 2878 1007 2947 rrragni

220 2968 327 3040 prendit,
344 2969 387 3024 rel
400 2969 427 3022 in
440 2984 535 3024 eorum
551 2969 694 3039 adeptione
707 2970 748 3024 rel
772 2968 944 3039 possessione
960 2968 1009 3020 a'i·

220 3075 304 3133 quam
328 3062 417 3116 eredit
441 3061 665 3130 majorcrnquam
694 3061 720 3114 in
753 3060 869 3115 irretallis
896 3058 1009 3128 reliquis

220 3150 400 3207 beatitudinis
425 3152 515 3206 inesse
534 3152 697 3220 portionem,
719 3152 805 3219 ipsam
823 3150 945 3206 veritatis
958 3149 1010 3202 dn·

219 3254 280 3296 cem
292 3242 443 3310 auletreque
458 3242 545 3296 lucem
562 3242 682 3295 rrorrrlunr
708 3256 756 3311 per
778 3241 870 3296 omnia
885 3241 1009 3310 sequitur

219 3333 365 3387 rationem.
379 3330 408 3385 st
423 3333 495 3387 enim
506 3332 565 3400 ejus
575 3319 690 3387 'rnorritis
705 3332 859 3397 obaudiret,
877 3348 930 3387 nou
947 3334 1044 3421 plusc

219 3434 318 3476 aurunt
346 3427 374 3477 et
403 3430 546 3493 argentum
570 3438 651 3492 quarn
679 3422 780 3477 lerrum
812 3431 946 3493 quaereret
967 3424 1008 3478 rel

219 3518 337 3575 amaret,
351 3526 400 3567 nee
410 3526 532 3582 geminas
545 3512 632 3582 pluris
644 3528 724 3581 qnam
743 3513 835 3567 silices
849 3512 1006 3569 estimaret.

220 3600 323 3658 Utilius
337 3610 380 3658 est
393 3604 467 3658 euim
482 3603 585 3660 lcrrum
600 3620 681 3674 qnam
695 3619 792 3657 arrrrrnr
808 3606 849 3659 rel
863 3610 1006 3673 argentina

218 3702 246 3747 et
257 3690 349 3747 silices
363 3691 479 3762 geminis
490 3699 554 3745 sunt
566 3692 777 3746 necessariores.

218 3801 379 3862 ciextlt.
406 3802 526 3875 Suggerit
550 3803 718 3858 sorbitionem
746 3803 940 3871 possessionum
964 3804 1007 3855 tti-

534 3874 698 3928 mittendam.

252 3964 387 4035 Agrorum
404 3980 469 4020 vero
486 3972 514 4019 et
525 3964 728 4032 posscssionum
743 3964 866 4027 arnlritie,
878 3963 942 4016 dnm
958 3977 1007 4016 nc·

217 4055 340 4111 cessitati
360 4055 515 4125 tragilitatis
538 4056 664 4110 lrrrnranm
687 4056 848 4126 praetendit,
864 4071 925 4124 quac
947 4055 1006 4109 sine

218 4146 317 4200 lterum
330 4145 483 4201 redditibus
505 4145 656 4200 subsistere
671 4146 826 4198 rrrrllutcnus
840 4151 938 4214 pertesi,
955 4156 1006 4198 cu*

217 4220 342 4304 pirlitaiis
355 4235 450 4289 uitium
465 4235 636 4291 necessitatis
646 4235 743 4288 nititur
753 4235 865 4288 obtentu
882 4235 1003 4303 palliare.

215 4327 287 4392 Oraia
301 4327 374 4381 enim
387 4326 484 4380 borum
495 4342 575 4382 usum
587 4325 711 4395 corperis
723 4328 845 4396 expesclt
860 4326 1005 4381 infirmitas

214 4416 290 4486 «prod
306 4413 448 4471 baee'ultra
462 4418 652 4472 necessitatem
668 4432 845 4486 congregare,
861 4417 926 4471 etin
942 4432 1005 4486 pre·

215 4508 362 4578 prietatem
383 4508 466 4563 bomo
480 4508 532 4564 sibi
557 4508 699 4564 vindicare
723 4508 797 4563 licite
813 4509 910 4579 pessit,
931 4508 1005 4562 arbi-

215 4605 315 4654 tratre.

1100 2155 1137 2211 lic
1151 2158 1267 2211 vestium
1284 2166 1375 2212 autern
1393 2159 1491 2215 decore
1510 2161 1552 2215 rel
1565 2163 1650 2231 pretio
1664 2164 1786 2234 gloriari,
1800 2166 1852 2221 nos

1063 2248 1129 2301 tarini
1147 2260 1236 2303 mente
1249 2249 1304 2304 [leo
1327 2251 1410 2304 simili
1436 2267 1550 2320 prorsus
1568 2254 1676 2308 ridctur
1696 2254 1848 2326 indignum.

1062 2338 1204 2404 Quenrodo
1223 2342 1295 2393 enim
1321 2339 1451 2398 decorare
1466 2344 1506 2397 rel
1527 2358 1625 2397 ornare
1639 2344 1777 2399 bominem
1804 2360 1853 2416 po·

1062 2435 1125 2492 test,
1141 2429 1213 2499 quod
1226 2431 1310 2485 nrrrlto
1329 2431 1467 2501 indignius
1478 2441 1506 2487 ct
1522 2433 1655 2501 abiectius
1670 2434 1851 2490 lromincest?

1062 2518 1173 2573 lrlcliera
1187 2523 1288 2591 quippe
1314 2530 1341 2576 ct
1360 2521 1485 2592 digniora
1509 2524 1612 2588 rebus,
1630 2539 1690 2593 quae
1711 2523 1849 2581 interieris

1061 2610 1202 2676 dignitatis
1218 2618 1245 2666 cl
1265 2612 1354 2665 meriti
1380 2620 1454 2677 srrrrt,
1479 2613 1693 2683 dignitaternvel
1721 2618 1849 2669 ornatum

1060 2699 1160 2755 addere
1173 2710 1305 2770 possunt3
1318 2701 1446 2757 interiora
1455 2718 1520 2758 rere
1534 2703 1849 2758 excellentioribuscen-

1060 2789 1172 2860 dignum
1188 2791 1325 2855 decerem,
1351 2808 1431 2861 quem
1454 2809 1507 2848 neu
1527 2794 1639 2857 lralrcut,
1654 2791 1780 2849 conterre
1800 2807 1849 2848 ne·

1060 2887 1172 2949 queunt.
1190 2881 1258 2934 Cum
1275 2889 1365 2935 antem
1394 2881 1474 2937 berne
1499 2890 1623 2938 ereatura
1646 2883 1748 2938 risibili
1762 2881 1850 2953 digni·

1061 2976 1116 3023 tate
1130 2970 1256 3040 superior
1268 2972 1315 3034 sit,
1328 2971 1462 3040 quidquid
1485 2970 1556 3026 inira
1575 2973 1664 3041 ipsum
1684 2980 1736 3037 est,
1753 2971 1850 3027 condi·

1060 3074 1142 3128 gnum
1158 3061 1182 3114 ei
1200 3060 1325 3115 decerem
1345 3059 1445 3115 adiere
1462 3077 1517 3115 nen
1532 3062 1641 3116 valebit.
1655 3061 1769 3117 uultum
1782 3076 1850 3131 erge

1060 3164 1089 3203 se
1107 3149 1178 3202 inira
1194 3165 1223 3204 se
1238 3149 1364 3204 detrudet
1385 3151 1485 3214 borne,
1501 3166 1563 3203 eum
1579 3151 1637 3220 lpse
1649 3166 1740 3205 rerum
1763 3134 1851 3207 decus

1059 3250 1229 3304 ceterarum,
1240 3246 1262 3303 {a
1275 3241 1356 3296 rebus
1367 3240 1468 3296 inditiis
1486 3243 1588 3310 appetit
1603 3250 1777 3297 ornamenta.

1095 3330 1166 3385 Audi
1178 3331 1316 3400 indignam
1342 3331 1460 3394 lrorrrine,
1474 3330 1536 3384 aridi
1548 3330 1689 3385 ridendam
1711 3330 1786 3385 ernoi
1800 3345 1849 3386 sa·

1060 3421 1145 3491 pienti
1158 3421 1319 3474 vanitatem.
1336 3418 1429 3473 Solent
1444 3418 1570 3472 beuriucs
1591 3418 1780 3482 bestiolarum,
1792 3418 1850 3474 iano

1059 3512 1177 3565 rrrteium
1190 3510 1371 3580 quorumdam
1384 3509 1525 3578 pelliculas
1545 3508 1656 3564 iretidas
1669 3510 1803 3574 celerare,
1819 3514 1849 3565 et

1059 3604 1111 3659 boe
1127 3620 1157 3660 sc
1166 3605 1267 3658 ainictu
1279 3604 1395 3659 ridicule
1410 3603 1556 3670 adornare,
1578 3605 1718 3676 multoque
1744 3605 1849 3661 ideireo

1057 3695 1197 3767 digniores
1222 3705 1249 3751 et
1276 3695 1495 3751 ltonerabilieres
1527 3695 1673 3751 estimare.
1693 3696 1715 3751 0
1735 3696 1846 3768 insigne

1058 3786 1152 3852 decus,
1167 3785 1240 3855 qnod
1269 3785 1375 3840 conlert
1398 3786 1532 3842 ridiculus
1548 3801 1609 3839 reus
1624 3788 1631 3840 i
1645 3785 1762 3841 Student
1774 3800 1846 3857 quo·

1057 3892 1110 3945 quc
1127 3877 1234 3940 scricis,
1247 3892 1325 3942 aure,
1340 3883 1463 3946 argente,
1483 3875 1597 3946 gcrrrruis
1612 3876 1730 3939 radiare,
1744 3889 1848 3946 eosque

1057 3968 1175 4021 alienum
1205 3984 1219 4021 a
1245 3984 1275 4024 sc
1297 3968 1470 4036 splendorem
1493 3967 1545 4021 sibi
1560 3982 1712 4038 arrogare,
1729 3968 1848 4037 indeque

1056 4058 1167 4128 gloriari
1182 4074 1235 4112 nou
1252 4059 1343 4128 pudet,
1356 4058 1446 4127 clanaei,
1463 4059 1486 4114 si
1502 4059 1624 4128 quidest
1640 4059 1667 4112 in
1688 4058 1741 4113 hec
1755 4058 1848 4128 spieu-

1056 4150 1122 4202 dere
1140 4148 1318 4217 praecipuum,
1336 4160 1388 4199 nen
1416 4145 1442 4198 id
1466 4145 1501 4200 ab
1518 4144 1628 4199 boariae
1652 4143 1756 4198 bomini
1767 4158 1848 4199 asse·

1057 4246 1125 4300 trrrrr,
1144 4238 1190 4292 scd
1207 4254 1221 4290 a
1238 4246 1334 4291 uatnra
1347 4236 1450 4290 lromini
1473 4234 1555 4289 luerit
1569 4234 1742 4289 attributum.

1092 4327 1174 4396 Atqrri
1194 4327 1394 4397 ‹prrarrtuurlibet
1412 4326 1460 4381 tibi
1477 4325 1643 4395 alligaveris,
1656 4339 1672 4378 e
1686 4323 1778 4386 beate,
1794 4321 1847 4376 bu·

1053 4415 1132 4483 jusee
1143 4415 1252 4469 decoris
1271 4432 1330 4475 non
1341 4414 1389 4474 tui,
1400 4430 1415 4466 a
1427 4413 1547 4466 liliorum
1564 4411 1686 4481 prolecto
1701 4425 1846 4466 resarum·

1055 4519 1109 4571 qam
1122 4505 1220 4558 decere
1236 4502 1395 4572 superaris;
1415 4500 1478 4565 quia
1501 4516 1552 4556 nee
1566 4500 1696 4555 Salomon
1719 4502 1749 4554 in
1769 4499 1846 4554 onrrri

1054 4592 1198 4661 gloriasna
1214 4597 1361 4659 coopertus
1379 4601 1419 4645 est
1434 4592 1507 4645 sicut
1522 4606 1606 4643 arnum
1627 4604 1660 4643 etr
1681 4589 1751 4642 istis.
1775 4586 1845 4641 Etsi

251 4686 286 4740 132
298 4687 401 4744 ,camus
412 4689 522 4759 quqqem
535 4689 640 4745 [fuctus
659 4699 739 4745 ,Μ
758 4689 938 4744 animanqum
953 4689 1002 4741 qe.
1018 4683 1040 4736 b
1054 4679 1248 4734 beatitudinem
1265 4681 1291 4733 in
1307 4679 1354 4734 tali
1377 4680 1475 4735 decore
1488 4679 1608 4733 aestinras
1635 4677 1765 4746 aliquam,
1780 4675 1847 4730 bea-

214 4778 275 4832 beri
290 4779 438 4844 alimentiS,
450 4779 499 4835 sed
513 4781 587 4836 salsa
603 4781 629 4835 id
648 4782 787 4835 bominum
803 4781 925 4834 orrrnluru
943 4795 1006 4855 gra·

212 4867 253 4920 tia
266 4867 431 4934 dixerimus,
448 4870 616 4926 moderatius
639 4878 666 4924 et
695 4871 786 4925 sobrie
804 4870 846 4925 lris
862 4869 948 4938 rrragis
965 4869 1005 4921 ri·

211 4959 317 5014 rlerrtur
327 4959 365 5012 uti
380 4960 504 5029 jumenta
521 4977 603 5032 quam
620 4963 753 5017 hemines.
767 4962 848 5015 llrnta
863 4961 934 5016 enirn
946 4976 1006 5013 ern·

211 5049 260 5102 nia
275 5062 307 5102 ea
319 5050 509 5106 tantummodo
525 5059 666 5121 appetunt,
681 5053 715 5107 ad
742 5068 802 5123 quae
816 5051 931 5106 natm-ali
948 5059 1005 5104 tra·

216 5137 322 5192 lrnrrtur
336 5142 469 5209 appetitu.
484 5150 510 5197 ct
524 5143 552 5196 in
562 5141 716 5198 usucornm
731 5144 905 5198 necessitatis
918 5152 1004 5197 rinctus

216 5242 273 5279 nmr
291 5228 437 5285 excedunt.
454 5229 541 5285 llorno
553 5232 626 5286 enim
645 5226 807 5288 necessitate
821 5248 875 5286 rien
891 5241 1003 5287 conten-

215 5327 261 5372 tus
275 5316 418 5386 errpiditati
444 5320 565 5376 habenas
585 5322 668 5386 laxat,
690 5328 718 5376 et
744 5327 818 5374 tarrta
848 5321 1002 5376 necessaria

210 5420 243 5459 se
259 5405 361 5462 babere
375 5416 461 5477 putat,
473 5418 576 5479 quanta
602 5411 714 5465 avaritia
742 5410 888 5478 instigante
903 5410 1003 5465 lnrbcre

209 5495 359 5552 desiderat.
386 5497 462 5554 Unde
488 5501 527 5564 et,
549 5500 622 5571 quod
647 5501 749 5556 utilranr
775 5515 828 5554 neu
854 5501 928 5555 lieret
949 5502 955 5555 !
974 5510 1002 5556 ct

208 5585 286 5655 quod
294 5587 390 5643 multis
405 5590 529 5646 sufficere
553 5599 670 5660 poterat,
687 5591 714 5644 in
737 5591 927 5661 proprietatem
942 5591 1001 5645 rin-

208 5677 286 5731 dieet
304 5677 357 5732 sibi
368 5694 440 5735 unus
463 5682 539 5736 selus
566 5681 713 5738 borrruneie
729 5699 736 5741 ;
752 5688 779 5735 et
795 5681 860 5751 qnia
879 5682 924 5734 ratri
940 5682 1001 5751 plu·

209 5766 281 5821 rinra
293 5768 476 5838 superlluunt,
492 5773 616 5843 pluribus
630 5774 712 5829 ctiam
727 5773 880 5829 neccssaria
891 5773 999 5828 subtra-

210 5856 324 5921 barrum.

248 5943 318 6012 lline
336 5948 409 6004 enirn
435 5952 551 6019 primum
573 5951 600 6005 iu
629 5970 725 6022 genere
742 5953 862 6009 lrrrruaue
890 5962 997 6024 egestas

1057 4771 1112 4825 tius
1130 4781 1155 4825 te
1169 4785 1229 4824 csse
1246 4769 1335 4824 lenanu
1346 4771 1403 4840 agri
1423 4785 1535 4825 neccsse
1546 4775 1588 4824 est
1604 4767 1724 4822 lateatis.

1154 4860 1220 4915 can.
1235 4858 1305 4914 lllx.
1323 4858 1400 4925 Quod
1415 4859 1499 4912 lrorror
1512 4859 1603 4912 rrrrrruti
1616 4858 1683 4912 nibil
1696 4858 1741 4913 sit.

1090 4951 1182 5006 llorror
1202 4968 1265 5005 rere
1293 4950 1396 5013 narrandi,
1412 4966 1461 5021 pro
1483 4968 1538 5020 quo
1561 4948 1740 5020 adipiscendo
1756 4956 1843 5004 tetum

1056 5042 1112 5098 lere
1131 5044 1270 5097 bominum
1282 5041 1383 5096 insanit
1401 5057 1496 5110 genus,
1509 5056 1591 5110 quarn
1605 5040 1696 5104 exilis,
1709 5054 1791 5109 quarn
1804 5038 1846 5094 le-

1054 5135 1107 5198 vis,
1120 5136 1173 5188 iuro
1187 5151 1267 5206 qnam
1281 5133 1347 5186 nibil
1363 5133 1408 5199 sit,
1432 5132 1496 5186 bine
1512 5147 1618 5186 meeum
1646 5129 1798 5201 perpendas
1810 5128 1844 5183 li-

1054 5226 1137 5280 ccbit.
1154 5225 1224 5294 Opes
1241 5242 1288 5280 scu
1303 5225 1455 5294 uoluptates
1472 5223 1629 5278 necessitati
1647 5222 1771 5275 hrrrrranae
1793 5219 1844 5272 ali·

1053 5316 1126 5384 quod
1144 5321 1258 5383 pessunt
1291 5314 1360 5369 lcrrc
1386 5313 1551 5368 sebsidium.
1581 5311 1673 5367 lioner
1703 5323 1843 5364 sereneo

1053 5405 1152 5459 anirnur
1171 5420 1220 5458 ncc
1234 5404 1342 5472 corpori
1352 5404 1449 5460 salutis
1464 5405 1504 5459 rel
1521 5403 1646 5457 utilitatis
1661 5397 1843 5468 allerrequid-

1052 5511 1135 5566 quarn
1149 5503 1247 5566 potest.
1265 5494 1335 5560 Quid
1353 5497 1426 5551 enim
1443 5497 1502 5550 lans
1519 5496 1561 5549 rel
1576 5492 1736 5563 celebritas,
1748 5489 1842 5561 digni-

1053 5594 1096 5639 tas
1108 5587 1148 5640 rel
1162 5585 1256 5654 opinio
1269 5587 1408 5655 preclara,
1431 5589 1508 5655 longe
1522 5585 1629 5654 lateque
1644 5582 1766 5653 vulgata,
1780 5595 1843 5651 quae

1052 5674 1187 5729 eurnia'ad
1203 5674 1332 5729 lrorrorcrn
1344 5673 1423 5744 quasi
1441 5672 1561 5728 membra
1576 5671 1701 5742 (quadarn
1713 5670 1746 5724 ad
1759 5656 1842 5739 capet

1052 5768 1191 5839 preprium
1205 5766 1377 5831 r·eleruntur;
1394 5765 1469 5835 quid,
1486 5764 1608 5833 inquam,
1624 5762 1783 5818 beesalutis
1797 5760 1841 5818 rel

1052 5858 1327 5916 rirtntishonrinibus
1338 5856 1457 5926 adjicere
1471 5855 1589 5927 possint,
1604 5869 1718 5924 prorsus
1731 5853 1839 5923 ignore.

1052 5952 1197 6008 llrcccninr
1215 5951 1329 6006 salutem
1351 5950 1391 6005 rcl
1416 5950 1543 6003 rirluteur
1569 5964 1583 6000 a
1609 5944 1840 6017 rqrrerisbabilaut
