4350 6709
354 531 407 589 d'll
971 527 1127 585 attonitu
1148 528 1286 587 suscitat
1304 532 1361 591 Xll.
1928 541 1977 601 ιη

353 644 470 711 absolvi,
486 644 626 702 sententiae
641 641 745 700 meliori
770 657 826 697 non
841 642 1031 714 praeiudicans.
1046 641 1076 699 Si
1091 658 1141 699 au·
1155 653 1178 708 Α
1192 646 1218 700 in
1236 648 1440 714 perseuerantia,
1465 649 1491 704 in
1512 651 1638 706 uarietate
1657 666 1784 720 persona,
1798 661 1822 707 et
1844 654 1919 722 areoli
1935 655 1979 710 luae

352 747 408 795 tem
423 737 555 807 indicium
581 751 669 792 meum
698 744 783 801 errat,
808 745 848 799 tu,
875 735 947 806 quod
972 737 1070 793 melius
1089 744 1143 802 εει,
1193 737 1284 805 fecerit
1298 742 1449 819 tentatione,
1459 751 1484 796 et
1495 742 1521 796 in
1530 743 1613 813 ipsius
1628 744 1685 798 uitii
1700 745 1877 801 eumcutions.
1895 745 1978 816 Opor-

353 844 477 900 sequere.
494 827 653 883 Cavendum
662 835 705 884 εει
717 837 806 883 autent
822 827 933 883 omnino
947 828 974 882 in
988 827 1040 882 bae
1054 844 1095 892 re,
1110 843 1145 884 ne
1194 840 1229 883 ret
1241 831 1309 885 eninr
1322 830 1446 901 penitere
1457 834 1631 903 fornicantem
1646 835 1788 890 seeundum
1797 835 1981 893 excellentiam

352 923 416 992 ouis
434 927 545 991 propter
559 920 701 991 fugitivam
715 919 916 976 contessionem
930 919 1034 990 aliquid
1051 935 1145 991 sopra·
1193 922 1330 978 tuistatrts
1345 921 1521 999 “destinet
1535 927 1677 982 meandum
1701 929 1806 983 modum
1825 931 1980 997 nuretricis,

351 1014 487 1070 dictorum
502 1014 536 1068 de
551 1013 681 1081 magistro
695 1028 746 1068 suo
762 1012 856 1082 bugat.

432 1122 497 1178 Cur.
517 1121 572 1178 Vll.
587 1123 658 1190 Quid
669 1123 704 1177 sit
721 1123 851 1192 consessio
865 1130 890 1176 et
903 1123 1064 1193 quotuptest

386 1236 520 1304 Quoniam
532 1235 641 1308 qrridem
649 1236 833 1292 confessionis
841 1235 1006 1290 mentionem
1017 1233 1143 1298 lecimus,

351 1344 406 1384 non
422 1330 472 1384 abs
493 1344 523 1384 re
535 1329 653 1397 uidetur,
668 1329 733 1401 arsid
749 1329 785 1385 sit
805 1329 953 1393 consessio,
969 1336 995 1384 ει
1007 1327 1144 1398 quomodo

351 1420 476 1478 iacienda
493 1423 530 1478 sit
547 1422 650 1487 dicere,
673 1423 799 1490 quamvis
818 1420 933 1477 inseris
950 1421 1143 1492 interrogatio·

353 1531 419 1570 nour
433 1523 542 1571 tuarum
559 1514 626 1570 illud
641 1515 779 1571 omiseris.

386 1607 508 1688 Primum
531 1615 594 1662 nota
618 1605 691 1676 qrrod
713 1605 764 1660 boc
783 1620 882 1660 nomen
903 1605 1032 1676 confessio
1051 1603 1143 1676 dupli,-

351 1715 411 1755 cem
427 1700 508 1754 babet
523 1699 762 1770 significationem.
784 1697 831 1753 Est
842 1699 920 1754 enim·
930 1698 1068 1754 confessio
1082 1699 1143 1753 lau·

350 1791 393 1846 dis
407 1800 433 1846 et
448 1798 490 1846 cst
500 1791 638 1847 confessio
654 1789 920 1859 peceati.Conlessio
929 1790 1029 1854 laudis,
1043 1798 1072 1845 ul
1084 1791 1140 1845 ibi:

351 1879 488 1950 Confessio
502 1883 559 1951 ejus
570 1900 649 1952 super
659 1885 752 1938 eoelum
762 1890 786 1936 et
799 1892 898 1936 terram
910 1881 998 1953 (Paul.
1014 1885 1141 1954 euentu),

351 1972 405 2028 boc
416 1980 458 2029 εει
475 1989 481 2025 :
495 1972 567 2029 Laris
582 1975 627 2028 iiei
645 1975 672 2029 in
685 1976 755 2030 coelo
770 1982 796 2029 et
809 1975 836 2027 in
850 1982 922 2029 terra
935 1981 988 2037 εει,
999 1976 1042 2029 nel
1058 1992 1140 2046 snper

350 2069 449 2124 eoelum
464 2075 491 2122 et
504 2075 616 2131 terram,
634 2069 718 2125 idest
745 2070 806 2124 laus
825 2068 871 2123 Dei
891 2083 974 2138 supra
989 2077 1042 2134 εει,
1058 2084 1141 2139 quam

351 2158 439 2228 angeli
455 2159 498 2215 vel
512 2160 637 2215 homines
649 2160 737 2216 sciant
751 2161 793 2214 vel
810 2160 916 2229 possint
930 2159 1051 2215 laudare.
1071 2159 1144 2216 Con·

350 2252 435 2308 lessio
446 2270 511 2311 uero
525 2253 629 2324 peccati
649 2260 691 2309 εει
705 2253 762 2308 ibi:
779 2252 844 2306 Diei
859 2268 869 2307 .·
884 2252 1035 2322 confitebor
1049 2252 1143 2308 adoer-

349 2361 409 2400 ssm
428 2364 469 2402 me
496 2347 658 2417 injustitiam
679 2363 765 2400 meam
784 2345 907 2413 liomino,
929 2357 954 2401 et
975 2356 1002 2400 tu
1018 2348 1142 2402 remisisti

347 2437 508 2508 impietatem
523 2440 622 2510 peccati
634 2439 684 2493 mei
700 2438 787 2505 (Psal.
800 2438 887 2509 snut).
904 2437 979 2502 utet,
994 2439 1022 2493 id
1036 2448 1078 2496 εει
1094 2440 1142 2495 de·

348 2530 461 2586 liberavi
475 2532 547 2603 apud
563 2546 606 2587 me
623 2549 629 2585 :
645 2528 796 2600 confitetor
815 2531 908 2601 lingua
925 2530 1029 2596 cordis,
1045 2547 1140 2588 sacer-

349 2621 407 2676 doti
430 2638 494 2677 sero
510 2622 613 2677 bomini
628 2622 720 2692 lingua
739 2619 830 2676 cordis
852 2628 878 2675 ει
902 2621 960 2676 oris
974 2635 981 2671 t
994 2620 1140 2676 Adversum

349 2729 401 2777 me,
415 2731 469 2768 non
482 2729 531 2786 per
540 2713 688 2777 diabolum,
704 2728 758 2767 non
773 2727 821 2781 per
837 2710 934 2776 latum,
951 2725 1007 2765 non
1025 2725 1074 2781 per
1088 2711 1141 2765 boo

347 2803 390 2857 rel
406 2801 473 2857 illud
488 2818 530 2858 sne
545 2817 658 2865 excuso,
675 2802 722 2858 sed
735 2802 856 2856 mihimet
871 2802 979 2871 eulpam
1003 2801 1113 2872 impono
1131 2817 1138 2853 ε

350 2896 517 2965 injustitiam
528 2911 624 2957 meam,
640 2895 703 2966 qnia
716 2910 770 2950 non
783 2894 834 2948 leci
854 2894 927 2965 qnod
940 2894 1029 2950 lacere
1042 2894 1136 2960 debui,

348 2997 376 3044 et
397 2988 447 3044 leci
463 2988 535 3059 qrrod
557 2988 646 3044 lacere
663 3003 718 3042 uon
734 2987 827 3049 debui,
843 2985 916 3057 quod
931 2987 1066 3057 injustitia
1085 2998 1138 3046 est.

348 3077 415 3133 Nam
431 3077 504 3133 sicut
516 3077 624 3145 justitia
638 3084 691 3140 εει,
708 3074 822 3131 reddere
849 3075 949 3145 cuique
968 3075 1042 3146 quod
1057 3092 1137 3132 suuni

346 3175 406 3238 εει;
432 3169 470 3225 ita
499 3168 635 3237 injustitia
663 3175 723 3232 est,
749 3166 911 3223 subtrahere
937 3167 1037 3238 cuique
1065 3168 1137 3238 qood

347 3276 428 3318 worn
444 3270 496 3318 est.
512 3261 547 3314 Et
568 3270 596 3315 tu
611 3261 738 3315 remisisti
766 3260 927 3329 impietatem
951 3261 1051 3328 peccati
1075 3262 1137 3326 mei,

347 3355 401 3412 boc
414 3363 456 3410 εει
470 3361 573 3410 reatuum
586 3353 689 3424 peceati
703 3353 766 3417 mei,
783 3367 864 3422 quem
877 3352 953 3408 solos
964 3351 1035 3408 Deus
1048 3352 1137 3423 primo
1151 3370 1172 3429 (ς

347 3448 453 3517 absque
474 3445 585 3500 bomine
609 3443 732 3509 dimittit,
747 3443 812 3499 dom
831 3450 1003 3512 peccatorem
1019 3445 1094 3500 intus
1109 3445 1137 3498 in

348 3537 439 3592 anima
456 3536 547 3592 risere
573 3534 650 3590 lacit.
666 3533 741 3591 'l'alis
765 3533 904 3590 conlessio
927 3535 950 3590 si
970 3537 1091 3592 contrito
1110 3544 1138 3592 et
1199 3590 1202 3598 ,
1233 3587 1239 3599 ,

349 3627 494 3682 humiliato
508 3626 591 3681 corde
606 3625 651 3689 ιιι,
667 3633 693 3679 ει
708 3638 887 3694 perseuerans
902 3623 952 3690 sit,
969 3631 996 3679 ει
1011 3624 1138 3680 voluuta-

347 3721 388 3776 ria
400 3729 453 3784 εει,
471 3734 547 3789 spem
560 3718 647 3772 ueniae
659 3716 751 3771 babet.

348 3880 351 3888 Ι
384 3812 432 3868 Est
450 3820 478 3867 ει
497 3812 550 3866 alia
568 3809 768 3880 desperationis
791 3818 821 3864 ut
842 3807 929 3875 iudae,
954 3816 981 3865 ει
1005 3824 1036 3865 ea
1054 3824 1138 3881 quam

346 3901 435 3960 ludex
449 3903 541 3959 saeculi
557 3902 584 3957 iu
598 3902 663 3966 reis,
682 3903 816 3957 sententia
831 3901 1030 3963 condemnatis,
1045 3909 1137 3957 extor-

347 4004 431 4065 quet:
446 3997 481 4051 de
493 3997 543 4050 bae
563 3995 732 4066 adpraesens
749 3993 888 4065 negotium
911 3994 950 4048 nil
970 3994 1061 4050 dicere
1082 4003 1136 4050 est.

347 4086 397 4142 Est
414 4087 496 4158 igitur
510 4087 647 4142 consessio
671 4086 775 4156 peccati
791 4100 865 4147 uera,
884 4085 994 4156 qnando
1010 4096 1137 4156 peccator

348 4181 378 4236 in
391 4180 490 4234 timore
505 4179 551 4234 [lei
570 4180 654 4235 corde
672 4179 826 4250 paenitenti,
849 4187 970 4250 peccata.
987 4196 1047 4251 quire
1061 4179 1135 4246 lecit,

348 4270 431 4326 corde
447 4278 473 4325 et
486 4285 534 4326 ore
554 4268 610 4325 [leo
631 4278 658 4324 et
674 4269 778 4324 bomini
798 4270 934 4325 sacerdoti
949 4270 1095 4325 confitetur
1108 4273 1135 4325 iu

348 4363 537 4419 remissionem
564 4372 755 4432 peccatorum,
786 4361 858 4417 sicut
890 4362 1024 4417 catholica
1050 4363 1137 4418 credit

347 4453 482 4510 Ecclesia.

1192 1021 1218 1068 rt
1232 1013 1259 1068 in
1271 1014 1378 1071 modum
1388 1017 1475 1087 operis
1486 1019 1538 1084 sui,
1554 1030 1579 1075 et
1594 1022 1708 1089 qualiter
1722 1022 1981 1096 turpitudinemepit,

1193 1105 1218 1158 si
1231 1106 1257 1159 in
1268 1106 1324 1161 loeo
1336 1119 1452 1174 sacrato,
1463 1112 1487 1165 si
1502 1111 1528 1166 in
1542 1122 1655 1182 tempore
1669 1115 1983 1182 orationiconstitttte,ut

1194 1208 1255 1251 sunt
1271 1199 1425 1267 [estivitates
1441 1213 1465 1258 et
1480 1213 1597 1291 tempora
1606 1205 1713 1277 jejunii.
1728 1206 1884 1262 consideret
1900 1225 1983 1280 quan·

1193 1296 1250 1342 tunt
1275 1296 1490 1361 perseveraverit,
1512 1305 1537 1350 et
1563 1295 1669 1366 delleat,
1694 1299 1764 1369 quod
1787 1311 1983 1369 perennantes

1194 1383 1319 1450 peeoaoit,
1341 1393 1366 1436 et
1379 1397 1508 1455 quantum
1528 1399 1732 1456 perseueranter,
1746 1398 1770 1444 et
1783 1400 1887 1461 quanta
1902 1393 1982 1447 nictus

1193 1471 1273 1541 luerit
1282 1475 1633 1546 intpupnatione.Suntenirn
1644 1482 1822 1554 nonnulli,qui
1837 1484 1981 1540 nonsolsm

1194 1582 1245 1619 non
1266 1568 1414 1633 uincuntur,
1439 1569 1484 1624 sed
1508 1572 1580 1626 ultro
1607 1590 1635 1628 se
1652 1584 1757 1643 peccata
1780 1576 1915 1644 offerunt,·
1938 1593 1982 1632 net

1193 1667 1343 1727 respectant
1362 1662 1543 1729 tentationem,
1568 1663 1613 1718 sed
1631 1666 1791 1733 proueniunt
1808 1665 1979 1727 uoluntatem.

1195 1749 1230 1805 Et
1249 1761 1391 1821 pertractet
1405 1771 1503 1821 secum,
1520 1773 1600 1827 auam
1615 1758 1796 1829 multipliciter
1811 1762 1916 1816 actione
1928 1762 1981 1816 uitii

1193 1842 1382 1900 delectabiliter
1396 1848 1522 1916 peccauit.
1534 1846 1626 1904 Omnis
1641 1850 1693 1904 ista
1704 1851 1817 1905 uarietas
1832 1852 1981 1922 confitenda

1193 1946 1232 1990 est
1245 1945 1269 1990 et
1279 1935 1410 2007 deflenda,
1420 1947 1450 1992 ret
1460 1955 1518 1994 curn
1536 1943 1692 2009 capnoaerit,
1706 1942 1769 2013 quid
1781 1955 1919 2012 peceatum
1930 1954 1979 2013 est,

1157 2029 1244 2087 licito
1255 2028 1369 2083 inueniat
1389 2029 1472 2085 Deum
1486 2033 1642 2102 propitium.
1661 2031 1694 2087 ln
1710 2033 1891 2104 capnoseendo
1915 2051 1980 2107 arta·

1193 2127 1308 2173 mentum
1325 2122 1426 2191 peccati
1451 2124 1575 2190 inueniat,
1591 2124 1666 2195 eujus
1683 2128 1768 2180 etatis
1784 2127 1877 2197 suerit,
1905 2127 1980 2199 eujus

1192 2209 1329 2277 sapientior
1347 2219 1373 2264 et
1394 2210 1507 2267 ordinis.
1524 2210 1684 2269 immoretur
1700 2215 1727 2269 in
1742 2217 1855 2287 sinpult's
1870 2217 1941 2281 istis,
1954 2230 1980 2273 et

1192 2300 1288 2355 sentiat
1302 2303 1410 2356 modum
1425 2304 1544 2359 criminis
1567 2320 1682 2375 purpans
1703 2324 1804 2362 omnem
1823 2309 1980 2379 qualitatem

1191 2392 1258 2447 uitii.
1274 2391 1375 2462 Delieat
1386 2394 1519 2464 uirtutem,
1534 2414 1585 2469 qua
1598 2398 1703 2452 iruerim
1718 2401 1815 2456 caruit.
1832 2399 1979 2456 Dolendrrnr

1190 2491 1230 2538 est
1244 2484 1323 2549 enitar,
1338 2501 1388 2538 non
1404 2485 1489 2540 solum
1500 2486 1569 2557 quoti
1578 2490 1703 2558 peccauit,
1718 2489 1763 2544 sed
1771 2491 1833 2562 quia
1849 2507 1878 2545 se
1887 2491 1981 2547 nt'rtste

1191 2575 1315 2644 priuauit.
1329 2574 1375 2630 Sic
1388 2578 1527 2634 eortlessio
1541 2577 1668 2634 iacienda
1684 2588 1736 2635 εει.

1227 2665 1371 2737 Turbonis,
1384 2671 1516 2737 anxiaris,
1534 2671 1703 2743 impossibile
1725 2682 1752 2729 et
1766 2673 1896 2730 indecens
1911 2673 1979 2730 lorte

1190 2758 1270 2821 dicis,
1282 2762 1362 2817 talem
1379 2762 1468 2818 lacere
1481 2763 1682 2822 corriessionem
1699 2785 1706 2821 ι
1723 2774 1779 2827 turn
1795 2768 1861 2837 quia
1882 2767 1979 2823 delicte

1189 2850 1248 2919 quis
1269 2850 1417 2922 intellipiti
1436 2851 1522 2923 (Psal.
1548 2854 1638 2924 sunit.)
1665 2862 1723 2910 tour
1743 2857 1807 2927 quia
1830 2863 1912 2928 turpe
1937 2866 1979 2914 εει

1190 2941 1280 3012 aliqua
1305 2952 1415 3014 peccata
1431 2945 1468 2999 ita
1488 2946 1560 3002 nudo
1574 2948 1675 3013 dicere,
1692 2955 1721 3003 ut
1737 2948 1808 3004 lacta
1821 2957 1896 3005 sunt.
1920 2947 1980 3021 lpse

1190 3050 1298 3106 qnoque
1314 3037 1456 3093 coulcssor
1482 3048 1545 3094 tuus
1572 3041 1636 3095 talia
1651 3041 1745 3096 audire
1765 3043 1976 3100 scarrdalizator.

1188 3124 1326 3198 Facergo,
1339 3129 1411 3199 quod
1423 3130 1497 3186 dico.
1517 3129 1632 3188 Peccata
1657 3149 1717 3203 qrrae
1739 3134 1878 3206 intelligis,
1891 3137 1977 3191 conli-

1189 3225 1260 3285 tere;
1280 3234 1340 3289 quoe
1367 3236 1422 3276 uon
1437 3221 1583 3294 intelligis,
1611 3224 1736 3282 soliturus
1759 3242 1809 3296 pro
1831 3242 1913 3298 posse
1931 3229 1977 3286 stt.

1188 3308 1266 3377 Quod
1281 3314 1317 3366 ita
1333 3320 1413 3384 turpe
1426 3321 1479 3379 est,
1495 3318 1568 3386 orrod
1582 3319 1695 3373 ouurino
1707 3326 1786 3390 turpe
1805 3329 1858 3390 est,
1870 3337 1918 3392 per
1928 3321 1979 3376 cir·

1188 3403 1417 3460 crrmlocotionem
1446 3404 1617 3463 innotescere
1646 3409 1758 3479 poteris.
1787 3410 1888 3467 Coram
1920 3410 1974 3467 oea

1188 3509 1244 3549 non
1271 3495 1404 3550 erubuisti
1428 3498 1465 3551 ita
1497 3497 1606 3564 lacere,
1634 3508 1661 3555 ει
1685 3515 1778 3556 coram
1802 3501 1914 3561 honrine
1938 3505 1977 3562 sie

1188 3592 1302 3653 lectsse,
1322 3589 1446 3645 confiteri
1476 3591 1634 3648 erubescis?
1658 3593 1686 3648 bi
1712 3593 1794 3650 modo
1819 3596 1975 3661 reticueris,

1188 3682 1278 3737 venriet
1296 3691 1414 3754 tempus,
1433 3700 1488 3754 quo
1515 3700 1607 3740 coratn
1633 3687 1761 3743 oscinibus
1781 3688 1974 3746 denudaberis.

1189 3772 1975 3853 Horrendumestincidereinsuanuslleioiteutls(llelr.x).

1223 3866 1300 3923 Unde
1314 3868 1376 3932 boe,
1392 3870 1494 3940 inquis,
1506 3871 1578 3942 quod
1590 3888 1703 3929 trecesse
1713 3873 1827 3929 bubeium
1841 3876 1882 3932 sie
1891 3875 1975 3932 ooull·

1187 3959 1636 4032 teritnurdt.1tuttumpeccatum
1662 3967 1714 4020 erit
1742 3966 1918 4038 impunitum.
1946 3966 1975 4022 Si

1187 4057 1292 4112 nullom
1307 4067 1448 4129 peccatum
1464 4063 1517 4116 erit
1531 4062 1705 4130 impunitum,
1719 4075 1785 4132 ergo
1807 4077 1889 4118 omne
1913 4077 1974 4133 pec·

1187 4160 1277 4205 catuna
1300 4152 1396 4208 scitur.
1429 4150 1520 4208 Scitur
1538 4161 1628 4208 autern
1646 4154 1688 4208 uel
1713 4153 1748 4208 ab
1766 4152 1878 4209 bomine
1897 4155 1939 4209 rel
1958 4168 1975 4208 a

1189 4239 1252 4298 Deo.
1275 4240 1353 4309 Quod
1377 4242 1459 4299 bomo
1479 4244 1532 4300 scit
1555 4243 1583 4298 in
1599 4258 1646 4310 se,
1660 4243 1742 4300 homo
1769 4246 1867 4314 puniret
1889 4244 1918 4300 in
1934 4259 1973 4302 se.

1187 4334 1264 4401 Quod
1280 4335 1352 4391 bens
1366 4336 1419 4391 scit
1443 4335 1471 4391 in
1495 4336 1615 4397 bonnae,
1631 4344 1659 4392 ει
1678 4336 1760 4392 borno
1774 4336 1864 4392 nescit
1884 4336 1914 4393 in
1934 4351 1972 4394 se.

1187 4429 1353 4485 uoluntatem
1374 4428 1523 4483 consuendi
1540 4429 1655 4489 babent,
1680 4427 1702 4484 si
1725 4425 1808 4482 sciret
1824 4428 1925 4493 borno,
1948 4435 1974 4483 et

1187 4519 1322 4590 patienter
1337 4517 1406 4573 ierat
1418 4518 1486 4572 iram
1502 4516 1618 4581 llonrini,
1635 4516 1730 4572 dicens
1746 4532 1808 4572 crum
1824 4515 1877 4573 lob
1889 4516 1973 4574 :lnam

345 4612 413 4670 (ise.
429 4611 496 4669 Vlll.
512 4613 649 4680 Quomodo
661 4620 768 4682 peecata
778 4611 911 4667 sacerdoti
923 4612 1072 4682 confitenda
1083 4613 1136 4668 sint
1188 4611 1295 4665 liomini
1304 4609 1414 4680 portabo
1424 4609 1518 4680 (llicit.
1535 4609 1594 4680 sir),
1611 4609 1675 4681 quia
1690 4609 1908 4675 merui,etiamsi
1920 4625 1972 4665 non

508 4687 650 4740 “cllidum
664 4685 811 4755 ‘’illl''‘m‘m
826 4685 958 4738 limum?
1151 4704 1314 4773 [rinteltigit
1330 4703 1388 4773 ipse
1401 4702 1482 4757 bonno
1495 4707 1635 4773 peccatum
1652 4717 1733 4757 suum
1750 4721 1757 4757 :
1777 4716 1832 4756 non
1848 4703 1923 4757 enirn
1934 4700 1972 4757 lis

380 4795 654 4862 octomodolaeienda
664 4795 701 4851 sit
709 4796 857 4860 consessio,
867 4797 981 4853 noiome
988 4805 1135 4868 praecepto·
1181 4793 1314 4866 judicabit
1331 4793 1400 4848 Deus
1415 4793 1579 4861 inidipsum.
1593 4791 1670 4859 Quod
1685 4793 1895 4848 autumnalium
1912 4806 1971 4863 pec·

344 4903 403 4943 reru
417 4898 570 4957 exspectes,
585 4889 632 4945 sed
647 4889 757 4946 beatum
771 4891 965 4962 Augustulum,
985 4891 1032 4961 qui
1052 4899 1082 4947 ut
1105 4892 1132 4945 in
1186 4901 1277 4941 cuturn
1293 4893 1417 4941 nostrum
1433 4884 1575 4939 scientiam
1586 4881 1633 4937 Dei
1655 4882 1750 4954 longini,
1767 4882 1820 4938 lob
1834 4890 1968 4938 testatur:

345 4981 484 5042 attruibuit,
500 4981 541 5036 sic
557 4990 584 5037 ει
606 4982 635 5036 in
650 4981 702 5038 boc
725 4983 822 5039 doctor
841 4993 869 5039 et
889 4985 1020 5055 nraaister
1040 4992 1134 5039 noster
1188 4978 1349 5042 observasti,
1362 4979 1460 5049 inquit.
1478 4995 1566 5033 orrunes
1591 4979 1699 5032 semitas
1723 4992 1803 5041 meas,
1818 4987 1845 5032 et
1865 4979 1969 5050 restipis

344 5079 398 5128 εει.
414 5073 584 5142 Augustinus
603 5073 630 5127 io
645 5072 716 5129 libre
731 5074 770 5128 De
782 5073 1058 5144 ponitentiatouem
1078 5091 1133 5146 pre·
1186 5073 1281 5144 ρειιιιιη
1313 5089 1439 5143 mearunt,
1459 5071 1634 5126 considerasti
1656 5068 1717 5143 (lob
1752 5074 1825 5135 urst).
1854 5070 1888 5126 Et
1915 5072 1969 5143 ipse

344 5166 421 5229 nitet,
430 5166 580 5220 omnimodo
594 5167 727 5236 peniteat,
741 5176 767 5221 et
779 5167 896 5224 dolorem
908 5171 1033 5240 lacrumis
1045 5182 1134 5227 osten·
1187 5166 1316 5222 Dominus
1331 5183 1378 5237 per
1397 5165 1556 5237 proplietam
1567 5165 1651 5220 dicit:
1665 5163 1809 5219 Sertttaior
1822 5164 1968 5221 lerusedem

342 5257 402 5312 dat.
427 5257 602 5323 Reoramutet
616 5258 670 5312 lieo
695 5260 776 5313 uitam
800 5277 877 5316 suam
899 5263 1133 5334 pessumdatam,
1183 5260 1211 5315 in
1226 5259 1338 5314 lucanis
1349 5257 1441 5331 (Sapit.
1457 5268 1488 5328 rt.

343 5350 485 5418 proueniat
504 5350 636 5420 judicium
656 5350 705 5405 liei
724 5367 771 5420 per
787 5353 987 5423 confessionem.
1004 5355 1134 5427 Pracepit
1219 5352 1354 5408 Condtere
1375 5353 1468 5423 igitur,
1494 5351 1567 5420 quod
1589 5350 1688 5415 iecisti,
1714 5351 1786 5407 sicut
1812 5349 1914 5416 iecisti,
1943 5359 1967 5406 ει

342 5442 412 5495 enim
427 5442 557 5496 Dominus
573 5444 742 5509 mundandis,
755 5454 784 5499 ut
799 5447 962 5502 ostenderent
981 5465 1029 5503 ora
1044 5466 1134 5504 sacer·

343 5534 460 5599 dotibus,
481 5536 577 5590 docens
590 5538 722 5606 corporali
746 5539 899 5607 punitentia
913 5541 1062 5611 confitenda
1073 5557 1134 5611 pea-

343 5637 415 5695 eatu,
427 5638 473 5682 unt
483 5645 529 5699 per
544 5631 669 5699 seriptum
685 5630 891 5700 manifestanda.

380 5719 445 5775 ltem
458 5722 629 5792 brigantinus
644 5725 671 5777 in
688 5724 757 5777 libro
769 5723 808 5779 De
817 5723 869 5794 fide
884 5724 919 5780 ad
941 5725 1050 5781 Petram
1065 5725 1104 5798 (li)
1123 5747 1129 5781 :

343 5811 497 5869 Consideret
509 5815 664 5886 qualitatem
687 5817 806 5874 criminis
823 5819 851 5872 in
872 5819 938 5883 loeo,
955 5820 982 5873 in
1004 5830 1130 5890 tempore,

1183 5445 1293 5517 qrranrdo
1318 5446 1417 5511 iecisti,
1443 5451 1470 5499 ει
1490 5454 1622 5514 astantum
1644 5444 1744 5509 iecisti,
1760 5452 1787 5500 ct
1802 5445 1850 5500 ubi
1870 5445 1966 5506 iecisti.

1183 5539 1287 5607 etquis
1307 5536 1407 5602 iecisti,
1426 5545 1453 5590 ει
1467 5552 1527 5608 quae
1552 5543 1580 5592 et
1594 5536 1684 5606 qualis
1699 5537 1734 5593 sit
1753 5551 1882 5607 persana,
1908 5553 1966 5594 cunr

1182 5644 1236 5701 qua
1256 5629 1356 5692 iecisti,
1373 5630 1414 5683 vul
1434 5629 1456 5685 si
1485 5638 1528 5684 εει
1556 5630 1747 5699 impersonale,
1772 5629 1847 5700 quud
1869 5628 1966 5687 teetstt.

1182 5721 1245 5780 llaec
1266 5723 1358 5778 omnia
1374 5721 1481 5793 quoties
1497 5730 1524 5777 et
1546 5737 1627 5792 qoam
1650 5721 1858 5784 delectabiliter,
1873 5730 1902 5778 ει
1916 5734 1966 5792 aas

1181 5823 1261 5872 aetate
1273 5815 1368 5879 laesis,
1386 5814 1526 5878 eotrdtere,
1540 5815 1563 5871 si
1582 5814 1624 5870 ris
1638 5830 1751 5872 securus
1761 5829 1834 5874 esse.
1843 5811 1967 5889 ‚umes

380 5967 418 6040 (d)
432 5966 490 6024 Non
504 5977 592 6027 exstat
603 5969 648 6027 bic
668 5971 746 6029 locus
769 5971 838 6051 libro
849 5973 932 6029 citato
947 5974 1000 6031 sub
1012 5973 1122 6030 nomine
1135 5971 1291 6046 Aogrrstiui,
1303 5972 1349 6046 qui
1360 5973 1427 6029 alias
1440 5982 1480 6031 εει
1497 5970 1525 6032 S.
1540 5971 1683 6050 l'ulgentii.
