4350 6709
342 551 396 608 'iOb
852 549 956 604 earm
977 548 1102 603 tantis
1120 544 1258 604 candart
1278 541 1435 601 troducit!
1912 534 1963 591 lull

275 716 277 721 .
335 674 432 722 contra
450 662 533 721 Oeum
547 671 574 719 et
589 662 717 718 atbletam
741 662 856 729 Christi,
871 665 975 720 scilicet
995 666 1123 719 comitem
1140 664 1238 720 Arent
1252 660 1353 714 rictum
1368 655 1538 727 :signidcata
1561 662 1604 709 est
1618 661 1711 708 comm
1733 661 1828 707 nostro
1849 666 1962 708 suorum

338 755 526 821 llontislortis,
555 756 685 811 obsessos
704 764 814 810 nostros
829 757 877 826 qni
892 767 970 812 erant
990 756 1017 810 in
1032 756 1124 809 mnni·
1175 753 1266 823 inopia
1282 752 1470 810 obsessorum,
1483 748 1529 818 qni
1549 748 1576 801 in
1592 747 1678 801 multa
1692 745 1828 800 anxietate
1846 747 1963 816 positus,

338 849 423 916 tione,
444 857 577 919 quantum
591 857 718 917 poterant
735 846 909 909 inlestabant,
922 863 976 909 riou
989 847 1060 901 enim
1077 862 1125 901 so-
1176 846 1240 918 quid
1261 851 1353 915 ageret
1368 841 1516 904 nesciebat,
1530 855 1580 894 nee
1592 839 1664 893 enim
1679 852 1745 892 suos
1760 837 1888 891 obsessos
1914 852 1964 906 po·

338 914 688 996 lummodoobsederamus
709 938 925 1010 belliquadrum,
942 940 988 995 sed
1001 940 1125 996 civitates
1176 945 1244 992 terat
1263 936 1389 1001 liberare,
1403 948 1454 988 nee
1482 932 1535 984 nlla
1556 930 1661 983 ratione
1688 928 1797 983 volebat
1824 928 1966 997 expositos

337 1040 365 1090 et
377 1032 488 1086 castella
504 1032 669 1102 supradicta.
692 1032 748 1086 imo
763 1031 934 1088 Prouinciam
953 1031 1009 1088 lere
1023 1042 1125 1099 totam;
1177 1028 1259 1083 morti
1271 1028 1416 1083 dimittere.
1441 1024 1576 1079 Tolosana
1598 1023 1709 1090 insuper
1728 1020 1836 1086 ciuitas,
1860 1027 1889 1074 et
1904 1018 1967 1074 aliae

338 1122 460 1193 lacerant
485 1135 574 1180 antem
602 1126 696 1181 bostes
724 1124 796 1180 circa
820 1125 1000 1180 munitionem
1016 1141 1031 1180 a
1049 1134 1127 1195 parte
1178 1128 1256 1176 terra
1276 1135 1346 1190 quas
1369 1117 1486 1182 tenebat,
1512 1121 1590 1170 erant
1614 1115 1641 1168 in
1667 1126 1776 1168 summo
1801 1110 1967 1181 perditionis

339 1214 469 1268 exteriori
482 1231 592 1270 murum
608 1224 635 1270 et
647 1216 791 1279 lassatum,
808 1231 842 1271 ne
853 1217 939 1272 nostri
952 1216 986 1270 ad
999 1217 1128 1271 rnunitio-
1177 1214 1308 1285 periculo.
1323 1211 1371 1267 llis
1382 1209 1509 1265 omatibus
1526 1207 1669 1276 diiigenter
1682 1203 1873 1267 consideratis,
1887 1201 1966 1255 labo·

339 1319 402 1360 netu
417 1308 547 1361 accedere
563 1316 685 1376 possent,
697 1307 784 1377 ipsam
799 1319 930 1378 praterea
947 1309 1127 1363 munitionem
1178 1322 1240 1361 rare
1250 1305 1333 1374 ccepit
1346 1319 1438 1358 comes
1455 1302 1553 1356 nobilis
1568 1308 1595 1354 et
1606 1298 1702 1363 tidelis,
1713 1295 1854 1367 quomodo
1869 1295 1968 1350 obses-

340 1411 403 1453 eum
418 1398 555 1452 machinis
576 1414 638 1468 quae
653 1399 783 1453 dicuutur
805 1401 929 1468 petraria
944 1401 1044 1456 aeriter
1058 1401 1129 1456 inle·
1179 1414 1224 1455 sos
1235 1414 1301 1453 suos
1323 1396 1439 1452 liberare
1451 1401 1543 1464 posset
1554 1401 1581 1446 et
1592 1391 1701 1445 babere.
1716 1387 1787 1455 Quid
1808 1387 1907 1457 plural
1927 1387 1968 1440 lo-

341 1488 461 1555 stabant,
476 1489 588 1544 crcbros
602 1498 733 1560 praeterea
745 1500 772 1545 et
781 1491 868 1546 duros
879 1491 997 1548 insultus
1026 1493 1129 1548 nostris
1178 1501 1300 1561 quunmr
1310 1489 1397 1544 nostri
1412 1503 1460 1558 per
1476 1484 1652 1555 interpositas
1662 1496 1792 1552 personas
1803 1496 1866 1535 cunr
1882 1478 1969 1534 lmsti·

341 1596 388 1651 qm
403 1588 482 1636 erant
508 1582 535 1635 in
556 1581 709 1636 monitione
734 1582 886 1648 iaciebant,
916 1583 963 1638 sed
992 1585 1077 1638 nostri
1100 1599 1129 1639 se
1179 1581 1241 1646 bus,
1258 1581 1287 1635 m
1304 1580 1366 1636 talis
1384 1578 1537 1648 dispositio,
1553 1592 1587 1631 ne
1612 1575 1809 1644 expositionem
1829 1573 1966 1627 dicantus.

341 1673 459 1728 uiriliter
473 1689 506 1728 ac
531 1673 694 1728 mirabiliter
708 1673 903 1741 defendebant,
919 1683 946 1730 et
960 1690 993 1730 ex
1014 1676 1054 1731 eis
1070 1675 1130 1745 plu·
1180 1670 1327 1726 Ordinatur
1351 1670 1422 1740 quod
1436 1671 1541 1725 obsessi
1562 1669 1649 1724 nostri
1660 1668 1827 1722 dimitterent
1842 1664 1968 1720 hostibus

341 1764 613 1821 rimosoccidebant.
638 1765 774 1822 Fecerunt
800 1767 894 1824 bostes
918 1769 1031 1825 arietem
1052 1770 1130 1826 nairae
1181 1763 1359 1818 munitionem
1388 1759 1564 1829 belliquadri,
1581 1757 1712 1828 itaquod
1737 1755 1995 1839 dimitterenteos·

343 1855 550 1925 magnitudinis,
566 1872 648 1926 qoam
663 1857 830 1927 applicantes
850 1860 883 1913 ad
905 1874 1014 1914 morum
1036 1861 1131 1915 muni·
1181 1855 1330 1911 aduersarii
1342 1857 1417 1910 eriro
1436 1869 1498 1909 cum
1512 1853 1671 1923 supellectili
1694 1867 1743 1907 sua
1759 1857 1826 1911 tota,
1847 1847 1968 1903 lacturn-

343 1947 440 2014 tionis,
455 1948 544 2020 ipsum
564 1965 673 2004 murum
697 1949 805 2006 fortiter
820 1952 1023 2008 concutiebant.
1037 1951 1131 2008 Nostri
1183 1957 1285 2020 queest
1299 1948 1346 2002 ita.
1363 1947 1390 2003 Si
1402 1949 1464 2018 quis
1474 1956 1564 2002 autem
1580 1945 1733 2000 consideret
1745 1943 1827 2012 bajus
1844 1942 1969 1997 obsidio-

342 2053 419 2103 nero,
432 2048 484 2109 per⁴
495 2039 571 2093 arira
584 2039 730 2109 probitatis
742 2050 769 2095 et
780 2041 939 2098 subtilitatis
952 2044 1079 2111 artificia,
1094 2045 1130 2099 ita
1184 2043 1226 2097 nis
1236 2041 1466 2101 circumstantias.
1483 2041 1546 2095 licet
1563 2040 1662 2095 nobilis
1680 2053 1772 2095 comcs
1795 2037 1828 2092 de
1844 2036 1971 2106 captione

343 2128 529 2203 impediebant
542 2133 613 2188 ictus
628 2133 730 2198 arietis,
747 2134 820 2203 quod
840 2136 866 2190 in
881 2137 957 2192 nullo
969 2140 1010 2193 rel
1026 2140 1052 2193 in
1070 2155 1131 2195 nro·
1183 2133 1349 2204 belliquadri
1376 2149 1431 2189 non
1454 2133 1581 2188 babuerit
1600 2132 1754 2197 victoriam,
1774 2139 1864 2184 tamen
1881 2127 1971 2182 tidelis

344 2224 416 2291 dico,
436 2224 646 2280 debilitaverunt
659 2241 779 2280 uturum.
795 2225 929 2282 Fecerunt
939 2229 1020 2283 etiam
1036 2231 1133 2285 adrer-
1184 2228 1344 2293 nobilitatis,
1357 2237 1385 2283 et
1399 2228 1575 2282 nobilissimae
1594 2225 1731 2281 lldelitatis
1744 2223 1861 2294 insignia
1875 2237 1973 2292 repor-

344 2317 411 2372 'sarii
427 2317 527 2371 multas
555 2324 582 2372 et
605 2318 674 2374 alias
702 2319 880 2375 multimodas
907 2321 1063 2390 machinas,
1085 2323 1133 2378 sed
1184 2322 1260 2376 tavit.
1276 2319 1414 2377 Recedens
1424 2321 1522 2376 nobilis
1533 2335 1625 2376 comes
1635 2329 1698 2374 com
1712 2319 1769 2372 suis
1783 2318 1818 2372 ab
1828 2315 1973 2372 obsidione

345 2409 433 2464 nostri
446 2409 553 2465 obsessi
568 2426 664 2468 omnes
685 2412 897 2467 combusserunt
913 2432 920 2469 :
937 2429 1029 2468 comes
1042 2423 1133 2468 autem
1184 2413 1360 2484 belliquadri,
1373 2412 1632 2478 uenitNemausum,
1643 2410 1883 2480 ibiquedimittens
1894 2409 1973 2478 equi·

345 2500 447 2556 nobilis
478 2499 747 2571 llontislortis,cnm
762 2505 849 2559 molto
869 2506 1026 2561 discrimine
1047 2514 1134 2561 eter-
1185 2506 1299 2575 tes,qui
1318 2505 1501 2561 custodientes
1523 2504 1659 2560 civitatem
1688 2502 1974 2557 etiamdiscurrerent

345 2594 450 2664 pensis,
467 2592 537 2649 loris
550 2596 659 2650 tenebat
678 2595 860 2662 obsidionem,
878 2604 933 2651 tota
948 2597 1048 2667 quippe
1061 2607 1134 2652 terra
1184 2611 1233 2667 per
1249 2606 1361 2663 terram,
1378 2597 1436 2668 ipse
1451 2597 1607 2667 properarit
1618 2594 1757 2659 Tolosam,
1767 2593 1840 2663 quod
1856 2591 1973 2647 audiens

345 2684 506 2742 incircuitu
531 2697 693 2758 corruperat
713 2689 785 2743 uiam
802 2705 898 2756 suanr;
923 2705 977 2744 non
996 2691 1136 2761 enimffpo·
1187 2688 1367 2751 Rainrundus‚
1393 2689 1529 2758 quondam
1554 2703 1646 2744 comes
1673 2684 1789 2751 Tolosae,
1813 2684 1860 2753 qui
1875 2683 1975 2753 etipse

345 2787 469 2835 teramus
484 2780 586 2835 babere
596 2781 724 2836 victualia
742 2781 775 2835 ad
799 2797 868 2851 opus
890 2783 1036 2846 exercitus,
1051 2782 1103 2838 nisi
1119 2797 1134 2837 a
1186 2782 1312 2837 nauriebat
1323 2783 1356 2837 ad
1368 2783 1554 2853 occupandam
1577 2778 1717 2845 Tolosam,
1741 2776 1875 2833 corilusus
1890 2774 1974 2832 auto

345 2870 411 2924 rilla
426 2867 455 2924 S.
482 2869 584 2941 AEgidii
607 2879 634 2925 et
659 2888 674 2927 a
699 2870 847 2926 Nemanso.
872 2870 1020 2940 Oportebat
1040 2874 1134 2940 etiam,
1186 2873 1234 2945 git.
1251 2873 1390 2930 decedens
1414 2890 1507 2931 comes
1521 2871 1661 2939 Tolosam,
1684 2869 1816 2942 premisit
1836 2869 1972 2939 quosdam

347 2960 421 3029 quod
434 2959 543 3030 quando
568 2960 730 3015 volebamus
749 2959 848 3015 babere
862 2962 990 3016 rictoalia
1002 2977 1017 3016 a
1029 2964 1136 3019 duabus
1186 2969 1220 3024 de
1234 2968 1367 3024 militibus
1382 2968 1440 3024 suis
1459 2967 1486 3022 in
1510 2944 1659 3032 cirifatem,
1674 2966 1747 3020 ciues
1760 2972 1851 3019 anteat
1876 2961 1973 3034 perfidi

346 3053 431 3121 villis,
445 3053 620 3109 mitterentur
638 3054 750 3118 milites,
764 3053 810 3123 qni
832 3055 929 3108 armati
951 3055 1137 3111 conducerent
1187 3059 1264 3113 etad
1282 3058 1462 3129 proditionem
1475 3059 1574 3129 parati,
1594 3066 1735 3128 coeperunt
1750 3055 1820 3121 illos,
1834 3063 1861 3109 et
1876 3054 1905 3107 in
1919 3069 1973 3107 uua

347 3144 468 3214 eos,qui
487 3143 617 3199 victualia
646 3143 817 3200 delercbant.
843 3143 995 3215 Oportebat
1024 3147 1137 3218 insuper
1187 3150 1270 3206 domo
1292 3160 1439 3207 tenuerunt
1466 3151 1615 3208 inclusos:
1640 3150 1712 3221 quod
1735 3149 1850 3204 audiens
1869 3161 1973 3209 comes.

348 3236 423 3308 quod
440 3238 499 3291 siue
524 3238 737 3304 intermissione,
750 3249 805 3294 tam
819 3239 863 3294 die
880 3255 963 3310 quam
976 3249 1066 3307 nocte,
1082 3251 1138 3297 ter·
1186 3242 1274 3299 iratos
1284 3253 1311 3299 et
1322 3245 1437 3299 miratos
1446 3252 1487 3301 est
1500 3245 1586 3311 valde,
1597 3243 1747 3314 ridensque
1759 3242 1832 3312 quod
1845 3238 1975 3296 Tolosaai

348 3329 387 3384 tia
401 3344 466 3400 pars
480 3330 598 3385 militurn
612 3332 749 3387 exercitus
769 3341 875 3387 armata
898 3342 980 3399 esset,
999 3342 1056 3389 tum
1071 3335 1135 3405 quia
1150 3344 1172 3402 c
1188 3333 1286 3388 uellent
1298 3335 1437 3400 resistere,
1453 3333 1516 3389 lecit
1537 3335 1625 3405 ignem
1647 3333 1746 3403 apponi
1770 3333 1798 3387 in
1818 3339 1896 3402 parte
1910 3330 1976 3386 ciri·

351 3422 498 3478 timebatur
516 3439 550 3478 ne
567 3422 659 3479 bostes
690 3423 781 3480 subito
794 3425 821 3480 in
835 3425 984 3481 exercitam
1002 3427 1139 3483 irruerent
1189 3425 1263 3491 tatis,
1275 3425 1350 3480 cives
1364 3434 1455 3480 autem
1467 3424 1596 3494 ingerunt
1607 3425 1635 3479 in
1653 3426 1768 3496 burgum
1781 3423 1872 3479 adbuc
1886 3422 1978 3479 volea-

349 3513 492 3585 insperati,
507 3515 579 3585 quod
599 3524 688 3570 tamen
714 3531 853 3586 nunquam
869 3516 930 3571 ausi
954 3525 1019 3572 sunt
1047 3525 1139 3572 atten·
1190 3524 1231 3573 tes
1248 3518 1392 3585 resistere;
1420 3519 1467 3574 sed
1481 3517 1602 3573 videntes
1621 3518 1694 3588 quod
1717 3533 1808 3573 conres
1836 3517 1978 3573 valleteos

350 3614 420 3674 tare,
444 3616 501 3662 tum
518 3617 627 3678 propter
650 3608 791 3663 machinas
816 3610 1021 3666 custodiendas.
1043 3606 1139 3664 Parari
1191 3611 1301 3683 aggredi
1313 3628 1361 3682 per
1375 3612 1518 3676 insultum,
1536 3612 1633 3667 timore
1647 3611 1732 3678 docti,
1750 3620 1978 3681 exposueruntse

351 3702 433 3757 etiam
449 3702 552 3758 lecerat
566 3717 659 3758 comes
679 3702 780 3758 nobilis
797 3703 957 3773 petrariam,
981 3718 1042 3773 quae
1051 3702 1139 3773 iacie-
1191 3709 1218 3754 et
1229 3700 1366 3756 civitatem
1384 3701 1444 3771 ejus
1461 3717 1508 3772 per
1527 3702 1619 3756 omnia
1637 3701 1769 3756 uoluntati
1785 3720 1791 3757 :
1809 3717 1903 3758 comes
1914 3716 1979 3758 uero

351 3795 398 3851 bat
414 3795 447 3851 ad
462 3797 581 3867 primurn
604 3811 715 3850 morum
732 3795 830 3867 burgi,
857 3812 910 3850 non
935 3795 1007 3851 enim
1033 3802 1142 3874 poterat
1193 3809 1288 3850 muros
1303 3804 1329 3849 et
1343 3803 1432 3850 turres
1447 3795 1566 3851 ciuitatis
1582 3794 1704 3849 londitus
1727 3794 1811 3848 everti
1824 3793 1892 3850 lecit
1910 3812 1918 3848 z
1937 3797 1980 3850 iu·

352 3888 455 3944 babere
469 3887 562 3956 plures
577 3887 732 3953 macbinas,
745 3888 808 3958 quia
823 3902 877 3941 non
889 3886 1007 3942 babebat
1028 3888 1140 3955 milites,
1193 3901 1274 3956 super
1284 3895 1311 3941 et
1323 3887 1356 3941 de
1368 3886 1473 3942 civibus
1485 3886 1597 3941 obsides
1617 3887 1722 3953 babuit,
1749 3901 1818 3956 quos
1836 3885 1862 3940 in
1878 3887 1980 3942 castris

353 3978 402 4049 qai
418 3977 558 4033 tralrerent
572 3993 631 4044 eas,
645 3979 831 4048 paucissimos
847 3978 967 4033 babebat
983 3977 1083 4034 milites
1097 3979 1142 4033 in·
1193 3981 1251 4036 sois
1270 3979 1362 4049 posuit
1382 3979 1587 4035 custodiendos.
1612 3977 1716 4034 interea
1735 3979 1859 4034 homines
1885 3977 1980 4034 Sancti

353 4069 479 4140 digenas,
493 4076 521 4123 et
538 4068 577 4123 illi
593 4069 674 4138 tepidi
690 4077 769 4123 erant
781 4077 808 4122 et
819 4069 929 4139 trepidi,
943 4077 969 4123 et
982 4068 1009 4123 in
1021 4068 1141 4135 modico,
1194 4070 1295 4140 AEgidii
1310 4080 1440 4142 apostare
1458 4078 1485 4126 ct
1510 4070 1641 4136 irrlldeles,
1654 4078 1814 4139 receperunt
1842 4069 1869 4124 in
1885 4072 1980 4126 sillam

354 4166 398 4222 nel
412 4166 439 4220 in
452 4165 539 4232 nullo,
555 4167 688 4221 exercitui
701 4166 803 4223 Ciuisti
820 4167 1005 4237 prolicientes.
1020 4167 1060 4222 llli
1075 4182 1143 4224 rere
1194 4179 1272 4220 suana
1296 4163 1382 4218 lilium
1400 4163 1538 4234 quondam
1553 4163 1661 4218 comitis
1677 4161 1794 4223 Tolosae.
1809 4171 1907 4218 contra
1929 4164 1981 4218 ab·

354 4260 403 4331 qui
414 4271 493 4314 erant
504 4275 519 4313 a
532 4269 610 4326 parte
625 4260 748 4321 adrcrsa,
761 4260 877 4315 animosi
888 4269 966 4314 erant
976 4269 1003 4315 et
1014 4260 1142 4316 audaces.
1194 4257 1266 4312 batis
1290 4269 1317 4312 et
1339 4257 1535 4312 monachorum
1564 4257 1742 4320 voluntatem,
1759 4256 1832 4325 quod
1854 4256 1982 4312 ridentes

358 4350 415 4408 Nec
442 4352 578 4408 silendum
595 4352 667 4422 quod
685 4351 796 4423 quando
811 4351 904 4406 bostes
926 4351 1033 4422 aliquos
1047 4352 1081 4407 de
1098 4365 1146 4407 no-
1195 4348 1253 4420 ipse
1275 4349 1361 4403 abbas
1388 4357 1415 4404 et
1439 4349 1582 4415 monaehi,
1607 4348 1781 4402 extrahentes
1807 4347 1840 4402 de
1863 4349 1983 4404 ecelesia

356 4447 422 4504 stris
436 4462 534 4518 capere
546 4444 752 4517 poterant,·sise
765 4443 857 4500 elerici
875 4451 976 4510 essent,
998 4445 1055 4499 sive
1069 4443 1144 4511 laici,
1195 4456 1297 4512 corpus
1311 4439 1413 4495 Christi
1437 4440 1471 4495 de
1482 4439 1545 4494 villa
1561 4439 1641 4493 nodis
1654 4438 1767 4507 pedibus
1779 4437 1919 4502 exierunt,
1933 4438 1985 4493 ril-

356 4549 445 4595 morte
473 4539 631 4610 turpissima
656 4536 895 4603 condemnabant3
911 4543 1055 4607 postquam
1070 4534 1144 4591 enim
1196 4534 1250 4591 lam
1268 4534 1355 4604 ipsam
1378 4533 1524 4589 interdicto
1551 4542 1578 4587 et
1604 4531 1768 4586 anathemati
1783 4542 1982 4600 supponentes.

358 4632 557 4703 suspenderant
572 4648 629 4699 eos,
649 4631 718 4686 alios
731 4628 901 4696 occidebant,
920 4628 988 4685 alios
1012 4628 1144 4685 membris
1197 4623 1319 4681 Peractis
1343 4639 1437 4681 comes
1462 4623 1560 4678 nobilis
1584 4623 1655 4693 apud
1681 4620 1806 4677 Tolosam
1833 4622 1985 4692 aliquantis

358 4728 532 4783 truncabant.
545 4724 567 4781 0
580 4717 680 4781 bellurn
695 4723 822 4796 ignobile,
841 4740 857 4780 o
878 4723 991 4780 coniusa
1013 4725 1145 4781 victorial
1162 4688 1184 4743 Β
1200 4717 1307 4782 diebus·
1324 4716 1372 4770 illl
1400 4719 1427 4770 1¹¹
1444 4714 1618 4780 V³⁸⁰⁰¹ii³¹¹b
1640 4714 1732 4783 ibiibi
1755 4720 1929 4767 ⁰⁰¹¹¹l²⁰²¹¹m
1941 4722 1987 4768 0⁸1

363 4819 485 4887 Quadam
501 4819 544 4875 die
557 4826 688 4890 ceperunt
705 4817 849 4887 quemdam
865 4817 977 4872 militem
987 4817 1020 4871 de
1033 4816 1146 4883 nostris,
1200 4809 1405 4865 matrimonium
1422 4808 1494 4861 inter
1504 4806 1655 4862 Guidonem
1672 4806 1782 4859 tratrem
1795 4804 1885 4873 ipsius
1897 4806 1987 4861 comi·

358 4920 468 4983 captum
483 4911 650 4978 occiderunt,
664 4915 784 4967 occisum
795 4911 1005 4981 suspenderunt,
1014 4925 1148 4980 suspenso
1199 4903 1234 4958 iis
1244 4901 1291 4973 (11¹5
1303 4910 1360 4956 elil
1373 4900 1511 4955 secundus
1525 4909 1590 4954 ”³¹⁰
1614 4908 1642 4953 ot
1664 4897 1832 4952 ⁰⁰¹¹ll¹i⁸⁸³¹¹¹
1850 4896 1986 4969 Blsstms

360 5018 460 5057 nrarms
473 5011 501 5056 ct
522 5003 604 5072 pedes
617 5003 797 5059 abstulerunt.
811 5001 833 5058 0
845 5002 991 5058 crudelitas
1008 5002 1145 5056 inaudita!
1198 5003 1226 5050 et
1244 5002 1305 5065 post
1319 5007 1422 5063 paucos
1432 4992 1501 5058 dies,
1514 5007 1607 5048 comes
1620 4991 1699 5045 rediit
1713 4989 1850 5044 Tolosam.

360 5089 447 5148 Pedes
464 5093 575 5164 insuper
584 5093 679 5148 militis
691 5108 762 5165 quos
780 5093 961 5159 absciderant,
975 5093 1146 5163 projecerunt
1453 5084 1567 5141 CAPUT
1586 5083 1727 5140 LXXXlV.

361 5184 390 5241 iu
406 5185 585 5241 munitionem
601 5203 664 5241 cunr
689 5170 872 5253 mangonello,
892 5195 922 5240 ut
943 5187 979 5240 ita
1004 5194 1151 5250 terrereatp
1406 5179 1514 5235 Obsidio
1533 5178 1629 5232 Montis
1644 5177 1775 5231 Greaarii.

361 5288 389 5335 et
403 5280 541 5334 irritarent
558 5279 686 5335 obsessos
709 5289 828 5334 nostros.
850 5278 952 5334 interca
978 5277 1149 5334 llaimmrdus
1234 5272 1273 5328 Eo
1289 5283 1418 5342 tempore,
1440 5271 1485 5325 iile
1501 5270 1600 5339 Ιῐθεθῑῑῑ
1619 5267 1682 5323 ³⁰⁵ss
1698 5267 1799 5323 Chlisii
1814 5267 1906 5324 b⁰⁸ii⁸
1918 5270 1989 5324 ³¹¹¹?-

362 5373 500 5444 quondam
523 5388 614 5427 corrues
632 5370 748 5436 Tolosae,
776 5371 946 5425 discurrebat
962 5386 1010 5440 per
1037 5368 1149 5425 Catulo·
1199 5382 1271 5436 quus
1283 5375 1310 5420 ct
1322 5374 1477 5436 persecutor
1490 5361 1641 5417 indefessus
1653 5376 1743 5417 comes
1754 5360 1774 5415 F
1777 5361 1834 5428 nai,
1848 5363 1988 5418 mandatis

363 5469 437 5524 niam
449 5478 476 5523 et
488 5466 663 5539 aragoniam,
676 5465 821 5520 adunando
837 5480 906 5534 quos
918 5473 1024 5534 poterat
1037 5464 1148 5529 milites,
1200 5459 1300 5513 summi
1314 5456 1449 5526 pontilicis
1460 5464 1486 5509 et
1497 5453 1629 5525 generalis
1640 5453 1747 5508 concilii
1765 5453 1890 5519 secundi,
1905 5470 1987 5524 super

364 5569 395 5614 ut
411 5575 505 5616 corum
518 5559 618 5614 auxilio
631 5560 744 5614 intraret
763 5566 861 5612 terram
878 5567 1010 5621 nostram,
1025 5565 1052 5611 et
1067 5571 1150 5611 occu·
1201 5565 1266 5619 pace
1280 5550 1322 5604 rel
1338 5548 1432 5603 saltem
1451 5545 1560 5616 treugis,
1576 5560 1625 5615 per
1637 5544 1813 5614 quindenium
1832 5544 1988 5601 memii-

364 5664 441 5724 parct
456 5651 593 5709 Tolosam.
619 5651 698 5707 Ciues
721 5660 811 5705 antem
840 5650 968 5705 Tolosani
992 5664 1108 5721 nequam
1124 5657 1151 5704 er
1200 5642 1253 5707 dis,
1268 5643 1379 5696 reniens
1392 5657 1422 5694 cx
1442 5640 1565 5705 adverso,
1584 5638 1760 5693 munitionem
1774 5637 1924 5707 quamdam
1937 5654 1988 5694 ea·

348 5726 498 5812 infideles,
514 5746 600 5814 parati
613 5753 691 5799 erant
712 5758 775 5798 eum
791 5743 921 5812 recipere,
938 5741 961 5796 si
975 5743 1088 5796 retriret.
1106 5740 1151 5794 ln·
1201 5742 1338 5809 struxerat
1355 5747 1439 5803 prope
1455 5729 1561 5785 Turum
1576 5745 1637 5800 quae
1657 5729 1734 5784 lions
1751 5727 1903 5785 Grenarius
1915 5733 1988 5784 dire·

346 5821 350 5832 ’
367 5852 449 5907 super
462 5837 582 5892 obsessis
593 5837 694 5891 nostris
707 5837 754 5906 qui
768 5842 848 5890 erant
865 5835 892 5890 in
907 5833 1091 5905 Belliqnadro,
1111 5834 1152 5887 ri·
1202 5829 1290 5884 batur.
1307 5823 1371 5880 brat
1386 5832 1475 5879 summ
1494 5822 1566 5877 dicta
1585 5822 1700 5876 munitio
1711 5821 1738 5874 in
1757 5819 1884 5876 altissimi
1914 5834 1988 5877 suut·

367 5928 466 5983 ctnalia
481 5928 648 5991 deiecerunt,
666 5944 806 5999 nunquam
822 5929 895 5982 enim
910 5936 1024 5999 possent
1043 5943 1092 5983 eos
1106 5943 1152 5982 ca·
1202 5922 1296 5977 oritate
1320 5917 1421 5974 montis
1442 5915 1608 5983 laudatam
1628 5924 1758 5984 quantum
1777 5912 1811 5967 ad
1836 5912 1987 5968 barnabam

346 6009 352 6027 '
368 6031 433 6076 nere
443 6021 545 6086 hostes,
562 6020 584 6077 si
597 6022 629 6077 ad
642 6020 867 6078 sustentationem
883 6017 1055 6077 solummodo
1068 6018 1151 6076 ltabe·
1202 6010 1417 6089 estimationem,
1432 6022 1487 6067 non
1503 6007 1590 6066 solum
1606 6004 1832 6077 inexpugnabilis,
1846 6004 1895 6062 scd
1908 6003 1988 6077 quasi
