4350 6709
226 563 298 623 {le
720 553 883 612 ttts'ttttttt
902 555 1122 614 DOMANDRUD
1142 556 1364 617 eouttttctttt.
1770 557 1840 618 tbtt

226 687 299 732 munt
313 685 362 739 est,
378 671 524 729 insanabile
547 669 658 724 accrcrit
678 678 823 738 apostema,
846 666 916 738 quod
939 667 1007 741 (68),
1023 672 1045 729 Δ
1060 671 1175 728 dirersis
1191 672 1319 730 Ecclesiae
1339 673 1430 729 causis
1451 673 1515 730 iecit
1529 689 1582 728 ιιι
1599 673 1670 730 inter
1683 686 1753 747 quos
1768 691 1842 738 unus

226 771 279 826 nisi
290 766 454 840 ferro-altius
473 764 654 827 abscindatur,
668 761 841 831 fomentorum
860 778 912 814 non
925 770 1010 830 potest
1060 772 1111 827 est,
1126 766 1198 835 urtod
1216 782 1312 821 novem
1330 774 1434 820 tantum
1452 764 1625 836 praelationes
1638 764 1694 820 sint
1707 765 1843 838 recipien-

226 864 323 919 sentire
346 859 512 915 medicinam.
532 858 632 926 Quippe
652 855 807 926 nequissimi
829 855 937 923 spirim
958 870 1010 908 au·
1061 857 1110 912 dre.
1126 856 1188 912 l.ln
1198 855 1274 913 Albis
1285 857 1776 914 paschalibus2.uttauetsoenstone
1788 857 1843 915 Do·

225 954 304 1008 dacia
332 949 481 1005 ambitionis
512 948 658 1018 phrenesim
691 947 857 1014 concipiens,
883 947 912 999 in
936 945 1011 999 illiue
1061 949 1137 1003 miui.
1153 951 1180 1005 d.
1196 949 1233 1005 De
1246 949 1415 1006 Pentecoste.
1427 950 1453 1005 l.
1469 949 1506 1007 De
1520 949 1608 1005 Natali
1630 950 1748 1007 Domini.
1764 950 1791 1007 5.
1804 950 1844 1008 Du

226 1040 340 1114 apostoli
349 1039 453 1105 medici,
464 1038 616 1093 cuianimar
629 1033 812 1108 ligandiatquc
825 1033 941 1089 soluendi
952 1049 1012 1086 cort·
1060 1038 1332 1111 nppnrinione,6,1)e
1347 1042 1486 1113 apostolis,
1502 1042 1527 1097 ¹1,
1540 1041 1578 1098 lte
1588 1050 1682 1098 snncnn
1697 1039 1841 1100 Trinium,

227 1115 302 1185 cesso
315 1137 431 1196 potestas
452 1137 502 1192 cst,
521 1127 633 1182 aersaris
644 1125 847 1191 contumetiam,
868 1138 1011 1192 nonumque
1060 1131 1086 1186 8,
1104 1133 1141 1189 tte
1156 1131 1185 1190 s,
1198 1133 1296 1190 cruce,
1309 1134 1335 1191 9,
1348 1134 1385 1190 lte
1395 1135 1611 1206 qurnrlragnsimn.
1625 1132 1770 1189 Secundus
1780 1139 1841 1189 est:

227 1222 311 1277 scelus
323 1220 421 1276 erroris
436 1220 463 1273 in
473 1218 644 1288 apostoticam
655 1215 740 1271 cedem
760 1232 853 1270 rursus
865 1215 957 1269 niteris
971 1216 1011 1268 in·
1061 1223 1123 1279 Νοη
1154 1241 1210 1279 25³2
1235 1227 1426 1279 convocandam
1457 1224 1603 1296 werpum
1624 1223 1752 1296 synodum
1786 1225 1843 1280 ,tm

226 1314 330 1378 ducere,
346 1313 374 1367 in
389 1328 485 1365 morem
497 1311 624 1375 Simonis,
635 1309 709 1378 cujus
728 1307 1010 1378 tediscipuinmostert·
1059 1324 1186 1386 precepto
1198 1332 1283 1386 papa.
1301 1304 1421 1372 Caeteros
1438 1317 1559 1372 iuvenies
1574 1331 1624 1372 suo
1636 1317 1707 1372 icco.
1777 1327 1787 1341 ·

225 1407 268 1462 dn
279 1404 485 1476 operibns,data
494 1404 604 1473 pecunia
617 1401 826 1473 mcpucrcuuitm
840 1402 895 1472 qai,
909 1401 1011 1471 [amate
1095 1405 1188 1463 Ltttl.
1204 1407 1353 1480 Gregorius
1368 1408 1508 1480 Dialogus,
1530 1409 1637 1474 doctor,
1659 1409 1770 1465 natione
1787 1408 1844 1465 lio·

226 1503 351 1568 Domino,
366 1499 449 1555 tribus
451 1501 510 1570 iam
514 1495 896 1570 jugiter-emensistemporibus
906 1496 930 1550 ei
941 1513 1011 1566 pra·
1060 1501 1217 1564 manus,!e1
1238 1513 1314 1569 patre
1328 1497 1475 1554 Gordiano.
1495 1498 1588 1555 Annos
1601 1515 1662 1563 ιιιιι,
1678 1514 1786 1556 menses
1804 1515 1842 1564 ιι,

226 1594 309 1659 sidco,
327 1603 445 1663 tempora
457 1608 515 1646 meo
535 1591 628 1644 niteris
641 1587 759 1643 euadere.
778 1586 851 1642 liobe
869 1587 929 1658 ergo
951 1603 1010 1640 cunt
1063 1604 1150 1658 usque
1170 1588 1204 1642 ad
1227 1588 1376 1644 secundum
1400 1605 1501 1643 annum
1517 1587 1614 1644 Pherae
1629 1590 1693 1660 imp.
1708 1589 1782 1648 Obiit
1801 1590 1844 1647 in-

185 1703 190 1714 ·
226 1688 280 1752 iris,
291 1686 336 1757 pai
349 1685 397 1739 tibi
410 1683 585 1744 consentiunt,
610 1683 694 1751 plenco
712 1677 889 1732 damnationis
907 1660 1012 1732 senten·
1062 1680 1127 1734 dict.
1142 1694 1286 1744 urrunnun
1300 1679 1405 1734 Domini
1417 1679 1479 1743 cun,
1493 1687 1617 1737 cessante
1625 1696 1717 1737 meuse
1731 1697 1757 1737 ι.
1770 1680 1845 1737 Scri·

227 1780 303 1843 tiam,
321 1776 503 1846 sublatumque
516 1773 566 1827 tibi
578 1789 669 1827 nomeu
679 1781 703 1826 et
715 1787 809 1825 munros
820 1769 959 1823 ministerii
967 1786 1011 1823 sa·
1062 1772 1115 1842 psit
1127 1771 1245 1842 capitula
1257 1771 1390 1843 synodica
1403 1787 1431 1828 tt
1447 1767 1509 1826 cum
1531 1772 1667 1845 episcopis
1682 1788 1757 1838 artu,
1774 1784 1846 1828 tem·

227 1869 368 1927 cerdotaiia
391 1863 730 1939 agnosce-sanctiSpiritus
744 1861 848 1932 ¹judicio
862 1871 888 1916 et
902 1870 1009 1931 aposto·
1061 1862 1178 1932 poribus
1190 1862 1312 1917 Mauricii
1336 1878 1398 1933 aug.
1423 1860 1488 1917 item
1510 1863 1570 1932 ejus
1591 1863 1709 1934 capitula
1727 1879 1752 1917 at
1768 1863 1845 1920 raldo

229 1964 281 2018 lico
303 1979 319 2016 a
342 1959 417 2015 uobis
441 1957 598 2011 anctoritate
620 1954 771 2008 damnatus.
797 1952 924 2008 sicorim
940 1952 1011 2007 decet
1061 1954 1215 2008 necessaria
1232 1954 1265 2008 ad
1283 1953 1465 2025 bugustiuum
1480 1953 1507 2009 in
1524 1953 1846 2026 Britanniatpsorequt-

227 2054 306 2124 fidem
316 2059 465 2106 sanctorum
474 2047 586 2101 Parrum
594 2047 622 2099 in
631 2043 749 2100 Ecclesia
759 2045 859 2099 seruari
871 2045 1010 2109 catholica,
1028 2024 1148 2110 Brente,
1163 2047 1273 2117 scripta.
1291 2045 1350 2117 lpse
1365 2047 1513 2119 Auglorum
1532 2048 1681 2118 apostolus,
1707 2063 1777 2119 qttos
1796 2064 1845 2119 per

226 2153 256 2199 nr
276 2141 344 2214 qaod
364 2139 455 2195 babuit
473 2140 590 2203 amittat,
616 2139 659 2209 qui
673 2136 840 2206 improbabili
855 2138 1009 2201 temeritate,
1060 2140 1242 2211 Augustinum
1257 2148 1284 2195 et
1301 2139 1431 2196 llellitum
1454 2150 1535 2212 atque
1552 2136 1686 2195 ioannem
1708 2140 1742 2195 atl
1765 2139 1845 2196 tidem

225 2236 295 2306 qnod
313 2250 364 2289 rron
384 2234 492 2302 accepit,
516 2230 697 2300 assumpserit.
716 2228 854 2283 Cononem
868 2228 965 2282 statuit
977 2229 1011 2285 de
1061 2232 1161 2288 Christi
1174 2232 1317 2288 convertit.
1330 2232 1371 2287 dd
1386 2232 1592 2289 aedificationem
1608 2239 1737 2303 preterca
1751 2231 1845 2288 Eccle-

226 2326 359 2390 00018812·
382 2325 406 2381 Si
430 2324 520 2379 diruit
542 2321 635 2385 tuerit,
653 2319 844 2384 instauranda,
856 2326 883 2373 θῑ
898 2320 921 2375 δί
936 2319 964 2374 in
978 2335 1012 2376 <³⁰
1062 2330 1110 2385 siae
1130 2330 1214 2384 multa
1230 2329 1305 2383 utilia
1326 2328 1447 2400 scripsit.
1470 2328 1698 2399 Antiphonarium
1720 2335 1748 2384 et
1769 2328 1845 2384 diur-

227 2419 288 2473 loco
309 2416 525 2474 consecrationis
549 2414 709 2469 solemnitas
734 2413 833 2468 debeat
856 2412 961 2476 iterari,
982 2413 1010 2468 in
1061 2430 1178 2487 „umet
1191 2429 1366 2485 rtocturnum,
1385 2421 1484 2475 librum
1499 2418 1658 2475 Oillciorum
1676 2419 1843 2485 divinorum,

226 2526 282 2580 quo
295 2509 450 2564 sanctuaria
461 2523 515 2562 tlon
528 2506 640 2561 suerint.
653 2504 763 2560 Eutetio
774 2503 853 2558 inuiti
869 2503 1010 2574 epistolam
1061 2513 1174 2569 floralia
1187 2513 1247 2577 Job,
1265 2513 1411 2574 Homelias,
1423 2512 1580 2574 Sermones¹
1595 2510 1743 2583 Epistolag,
1763 2510 1844 2584 flegi-

226 2617 289 2657 cuut
303 2609 420 2672 quatuor
432 2599 560 2671 capitulis
586 2616 592 2653 :
614 2595 755 2667 Greporiuc
772 2596 922 2651 Secundino
938 2614 1011 2652 seroo
1062 2615 1159 2670 strum,
1177 2613 1203 2661 et
1218 2605 1270 2659 alin
1291 2606 1368 2676 plura
1391 2605 1566 2675 conscripsit.
1587 2603 1693 2673 Adiecit
1712 2605 1794 2661 etiarn
1817 2607 1845 2660 in

226 2693 276 2747 Dei
291 2694 413 2748 incluso:
427 2692 466 2746 De
481 2690 690 2746 ordinationibus
701 2706 760 2744 uero
778 2690 931 2758 apostolica:
941 2689 1010 2744 sedit
1061 2713 1165 2754 annone
1179 2717 1185 2752 :
1201 2697 1263 2752 Dies
1277 2706 1379 2751 nostros
1395 2697 1476 2750 intua
1485 2712 1548 2766 pace
1558 2694 1695 2764 disponas,
1711 2703 1775 2760 etc,
1792 2695 1845 2750 Do-

226 2785 389 2855 ponrtpenn,
405 2793 492 2838 orrum
504 2793 562 2853 porr
577 2783 758 2838 tectissimum
772 2780 945 2837 ttornnton
956 2782 1010 2836 att·
1061 2786 1190 2843 miricam
1216 2788 1298 2842 ettam
1319 2788 1481 2842 orationem.
1498 2782 1576 2839 sicut
1593 2785 1666 2840 enirn
1682 2784 1740 2855 ipse
1761 2785 1799 2838 atr
1817 2784 1844 2839 tn

227 2895 280 2949 qua
297 2878 348 2931 sint
363 2876 465 2937 addita,
488 2885 533 2929 tuo
554 2875 672 2930 citaritas
685 2877 810 2947 requirit,·
825 2875 870 2931 ced
883 2874 1011 2946 usquead
1061 2879 1185 2950 epistola,
1201 2894 1283 2950 quam
1304 2879 1378 2934 misit
1394 2876 1493 2932 ioanni
1508 2875 1681 2948 Syracusano
1699 2877 1844 2948 episcopo:

232 2969 403 3037 Vipiit'ipupoe
414 2975 530 3036 letantem
539 2968 671 3037 exponitur
682 2966 858 3021 ordinationes
868 2965 1011 3035 praestan
1062 2972 1165 3026 Idcirco
1190 2970 1358 3043 Domirticarn
1373 2970 1517 3023 orationem
1527 2984 1588 3022 moa
1602 2977 1659 3037 post
1676 2982 1766 3037 pacem
1777 2966 1846 3021 dici-

226 3076 284 3121 essc
296 3074 446 3129 cognoscas.
1045 3079 1130 3127 mus,
1145 3063 1206 3133 puio
1222 3079 1276 3115 nuos
1292 3061 1470 3128 apostolorum
1483 3048 1586 3129 [πῆξαι
1597 3060 1631 3112 ud
1646 3060 1731 3128 ipsam
1744 3057 1845 3112 sudum·

262 3147 341 3204 thtt.
370 3147 507 3219 Pelagius,
536 3149 647 3206 natione
675 3150 837 3218 Romanus,
871 3166 905 3206 ex
933 3156 1012 3220 patre
1062 3152 1140 3206 modo
1158 3149 1581 3204 orationemoblationisitostiam
1599 3157 1790 3204 consecrarent.
1811 3146 1848 3202 Ei

227 3237 331 3294 ioaane
343 3237 499 3292 vicariano.
514 3237 610 3295 Annos
631 3255 671 3304 at,
689 3255 798 3297 menses
820 3257 848 3304 a,
875 3239 1011 3311 usquead
1061 3243 1137 3298 auide
1153 3243 1332 3298 inconveniens
1348 3241 1411 3296 rniiti
1433 3242 1517 3295 uisura
1530 3249 1580 3306 est,
1595 3248 1624 3292 ut
1638 3253 1750 3308 precem,
1766 3256 1847 3310 quam

227 3346 329 3384 anuum
343 3329 421 3387 bom.
436 3331 498 3386 576.
519 3330 570 3385 llic
585 3330 728 3387 ordinatur
742 3347 758 3386 a
772 3332 879 3387 duobus
904 3334 1012 3402 episco-
1062 3334 1430 3400 sctotasn'enscomposuerar,
1441 3330 1845 3400 superoblationemdiceremus,

227 3424 271 3493 pis
282 3430 309 3478 et
324 3424 358 3478 ab
374 3440 429 3479 uno
452 3425 620 3496 presbytero.
646 3423 706 3495 lpse
720 3424 802 3480 etiam
824 3425 1011 3496 apostolorum
1039 3409 1087 3481 ‘et
1102 3428 1186 3497 ipsam
1203 3424 1380 3488 traditionem,
1401 3439 1480 3494 quam
1500 3421 1658 3493 Redemptor
1671 3432 1760 3477 noster
1774 3439 1847 3476 eom-

227 3515 346 3587 Philippi
360 3523 387 3572 et
401 3514 494 3571 iacobi
507 3516 653 3571 ecclesiam
671 3516 783 3587 incepit,
803 3517 852 3573 sed
869 3529 1013 3572 successor
1062 3516 1160 3587 posuit,
1176 3530 1252 3583 super
1267 3515 1324 3584 ejus
1340 3529 1444 3568 sacrum
1465 3529 1557 3582 corpus
1575 3522 1600 3568 et
1620 3496 1848 3586 sanguinem'nan

227 3607 288 3675 cius
308 3599 519 3662 consummavit.
543 3605 682 3662 Canonem
704 3606 801 3662 statuit
824 3623 831 3657 ε
856 3604 932 3672 Quod
954 3605 1013 3660 sota
1062 3606 1217 3661 diceremus.
1239 3603 1315 3661 Fecit
1329 3605 1412 3660 etiam
1434 3603 1623 3675 praefationem
1646 3604 1679 3661 tle
1702 3622 1759 3660 uno
1779 3621 1847 3677 apo-

229 3699 349 3753 Ecciesia
365 3697 483 3753 Romano
500 3698 595 3754 babeat
612 3698 800 3768 plenitudinem
823 3697 960 3768 potestatis
986 3698 1014 3752 in
1063 3698 1135 3754 stolo
1149 3697 1177 3751 iu
1191 3696 1368 3752 ueneratione
1387 3695 1417 3752 tt.
1433 3695 1558 3762 Andreae,
1583 3698 1628 3751 cui
1649 3697 1848 3752 monasterium

228 3791 316 3844 causis
336 3788 505 3858 diffiniendis.
1062 3790 1092 3844 iu
1107 3788 1179 3844 Urbe
1194 3787 1347 3843 aedilicavit.

263 3878 354 3935 Lttttt.
377 3879 496 3936 ioannes
517 3879 560 3948 lll,
581 3881 692 3936 natione
713 3881 863 3948 Romanus,
882 3900 914 3939 er
930 3891 1009 3954 patre
1098 3878 1201 3935 Lttvtt.
1218 3879 1394 3942 Sabinianus,
1411 3881 1521 3937 natione
1538 3880 1656 3945 Tuscus,
1679 3881 1714 3938 de
1735 3883 1849 3939 civitate

227 3968 488 4024 anastasianam
502 3983 543 4033 ur,
557 3985 644 4039 usque
660 3969 695 4024 ad
709 3985 811 4025 annum
824 3969 931 4026 Domini
946 3972 1009 4028 578.
1064 3974 1196 4038 Dictaea
1210 3985 1286 4047 patre
1300 3975 1503 4031 Dono.1lnaurn
1517 3989 1536 4038 ι,
1550 3990 1658 4032 menses
1669 3992 1695 4041 ι,
1713 3991 1798 4048 usque
1813 3975 1847 4032 ad

229 4057 279 4112 llic
294 4059 394 4113 amavit
416 4067 443 4114 et
458 4061 622 4116 restauravit
635 4063 823 4116 coemeterium
838 4063 1012 4129 Sanctorum,
1064 4084 1166 4124 annum
1181 4069 1259 4125 Dum.
1270 4069 1333 4134 607,
1349 4078 1475 4126 cessante
1490 4083 1563 4123 auno
1576 4068 1631 4125 lere
1646 4086 1664 4124 r.
1681 4068 1731 4125 liic
1744 4068 1849 4125 addidit

229 4159 256 4206 et
269 4153 412 4208 constituit
425 4169 473 4224 per
489 4155 612 4226 singulas
629 4155 786 4212 Dominioas
803 4157 842 4212 ibi
861 4158 1013 4215 oblationes
1064 4160 1209 4215 luminaria
1226 4160 1254 4214 in
1268 4160 1384 4216 ecclesia
1398 4159 1427 4216 B.
1446 4159 1531 4215 Petri.

229 4258 319 4314 agere.
331 4241 372 4299 De
384 4245 562 4303 successione
574 4246 722 4303 Clementis
736 4247 767 4302 tt.
780 4247 873 4317 Petro,
889 4251 969 4322 cujus
984 4251 1013 4308 in
1099 4249 1212 4307 ttttttt.
1230 4252 1385 4308 bonifacius
1399 4250 1442 4316 tlt,
1459 4251 1569 4306 natione
1587 4249 1737 4315 Romanus,
1752 4267 1785 4306 ex
1800 4267 1848 4322 pa-

229 4337 345 4407 Prologo
360 4336 484 4394 iaetaest
497 4341 610 4405 mentio,
628 4341 679 4397 iste
707 4344 819 4399 astruit.
1064 4352 1106 4400 tre
1116 4343 1229 4399 donuae.
1245 4343 1350 4400 Menses
1367 4343 1451 4399 iermc
1470 4358 1509 4408 tx,
1530 4357 1616 4412 usquc
1632 4342 1666 4396 ad
1681 4358 1781 4396 anuum
1797 4342 1850 4398 Do-

266 4427 357 4482 cxli.
378 4429 551 4496 Benedictus,
579 4433 690 4489 natione
713 4433 865 4498 uomarrus,
888 4451 922 4491 ex
937 4443 1014 4506 patre
1064 4433 1487 4504 alumnumalumnum
1515 4442 1580 4490 tune
1604 4434 1727 4490 Romano
1742 4435 1850 4505 praeiuit

230 4519 381 4574 Bonilacio.
396 4520 491 4575 Annos
509 4538 546 4588 tv,
563 4540 673 4581 menses
701 4540 732 4588 u,
748 4541 835 4595 usque
857 4527 889 4582 ad
911 4543 1012 4581 annam
1065 4527 1189 4597 imperio,
1217 4527 1390 4596 impetrarit,
1416 4535 1446 4582 ut
1471 4525 1593 4582 Domana
1621 4526 1744 4583 Ecclesia
1767 4536 1849 4600 caput

232 4609 340 4663 Domini
355 4610 417 4664 582.
433 4609 570 4668 canonem
591 4615 685 4668 statuit
700 4614 734 4670 tle
748 4614 845 4672 ablatis
866 4617 1014 4673 restituen·
1064 4619 1186 4676 omnium
1200 4618 1337 4675 diceretur
1350 4618 1553 4688 Ecclesiarum;
1576 4621 1640 4691 quia
1655 4620 1849 4678 Constantino·

232 4698 709 4771 disdnnollauriciiprimoobiit.
1028 4708 1184 4778 npotitann
1208 4708 1284 4778 prius
1305 4725 1334 4765 se
1362 4712 1476 4779 primam
1505 4725 1565 4766 esse
1593 4709 1739 4768 scribebat.
1772 4709 1850 4767 Unde

267 4788 348 4846 lxv.
358 4788 484 4861 Pelagius
493 4789 525 4851 ll.
539 4791 650 4847 natione
660 4791 808 4858 Romanus,
819 4810 853 4851 ex
861 4803 938 4867 patre
948 4795 1016 4851 Uni·
1065 4798 1096 4853 B.
1113 4798 1260 4870 Gregorius
1281 4816 1397 4872 arguens
1419 4799 1550 4857 ioannem
1570 4800 1849 4874 Constantinopolita-

233 4882 321 4952 geldo.
344 4881 438 4936 Annos
457 4897 486 4946 x,
508 4897 616 4937 menses
638 4897 668 4936 u.
696 4882 770 4939 Obiit
783 4885 878 4940 indict.
896 4899 1016 4950 t1,anoo
1065 4904 1142 4954 num,
1155 4890 1201 4960 qui
1224 4906 1254 4946 se
1268 4891 1447 4947 universalem
1468 4893 1625 4964 episcopum
1642 4894 1727 4949 voluit
1744 4893 1848 4960 vocari,

233 4972 312 5028 Dom.
325 4970 413 5037 595,a
427 4980 503 5042 peste
516 4971 681 5042 inguinaria,
692 4989 752 5043 quae
765 4979 850 5028 totam
864 4974 965 5030 Urbem
978 4977 1017 5032 in·
1065 4979 1179 5052 Eulogio
1193 4983 1322 5055 episcopo
1334 4984 1518 5039 Alexandrino
1532 4985 1642 5056 scripsit
1658 5005 1664 5040 :
1678 4983 1753 5041 Sicut
1763 4994 1849 5041 cestra

232 5063 545 5135 raserat.Dicpontile1
558 5065 662 5134 absque
672 5065 797 5134 jussione
807 5067 939 5138 principis
949 5082 1016 5123 con·
1066 5075 1193 5127 sanctitas
1206 5075 1286 5139 nooit,
1298 5091 1344 5145 per
1357 5085 1476 5130 sanctam
1489 5074 1707 5132 calcedonensem
1720 5076 1849 5149 synodum

234 5163 367 5242 sectatur,
382 5169 414 5208 eo
428 5155 500 5224 quod
509 5153 1016 5227 LongobardiDomampercircuitum
1065 5165 1185 5233 pontifici
1211 5165 1280 5221 sedis
1307 5166 1458 5235 apostolice
1486 5167 1533 5222 boc
1555 5168 1732 5222 uniuersitatis
1756 5183 1850 5223 nomen

234 5243 401 5309 obsiderent,
417 5260 468 5300 nec
484 5254 575 5316 posset
585 5246 729 5316 quisquam
745 5246 807 5303 iude
818 5250 954 5320 progredi.
966 5250 1016 5307 liic
1067 5256 1183 5311 oblatum
1198 5267 1246 5322 est,
1262 5259 1306 5313 scd
1320 5260 1408 5314 nullus
1423 5276 1537 5329 unquam
1550 5259 1718 5316 decessorum
1733 5277 1850 5316 meorum

234 5335 315 5391 etiam
328 5333 394 5390 Etis
405 5335 590 5407 Aquilegiensi
601 5336 740 5406 episcopo,
755 5336 858 5392 nolenti
875 5337 928 5393 tria
941 5339 1017 5410 capi·
1066 5345 1113 5401 troc
1124 5355 1178 5401 tam
1190 5349 1301 5419 profano
1321 5350 1445 5406 annuento
1458 5352 1496 5406 nn
1508 5352 1647 5407 consensu,
1665 5351 1733 5419 Qnsa
1748 5353 1773 5408 32·
1782 5367 1850 5408 „m

234 5427 292 5481 tota
301 5425 533 5482 Ch³l⁰0d0¹¹0ss⁵i⁸
547 5428 644 5498 851¹0di
656 5427 806 5497 suscipere,
814 5427 958 5499 epistotam
968 5445 1015 5486 sa·
1066 5437 1218 5506 patriarcba
1233 5439 1388 5494 uniuersalis
1403 5439 1510 5506 dicitur,
1531 5442 1744 5512 patriarcharum
1757 5459 1851 5499 nomeu

234 5517 272 5573 iit
289 5517 383 5573 utilem
397 5517 482 5581 misit.
495 5533 576 5588 (tuum
588 5517 619 5574 B.
630 5517 778 5590 Gregorius
788 5518 1017 5579 adhuodiacomts
1066 5529 1168 5583 caterio
1182 5529 1332 5602 derogatur.
1349 5529 1413 5587 ltem
1430 5551 1438 5587 ε
1459 5532 1602 5603 Propterea
1625 5536 1752 5590 sanctitas
1764 5543 1851 5590 nostra

235 5609 360 5669 dictavit.
370 5608 398 5663 iu
407 5608 563 5679 quoortline
576 5625 638 5667 eum
650 5609 915 5682 Constantinopolim
929 5612 1015 5681 misit;
1066 5621 1094 5675 tn
1108 5623 1163 5677 ent,
1175 5623 1291 5691 sprerunt,
1304 5624 1558 5696 mmtgemnnqpam
1574 5625 1750 5681 gngmgapm
1765 5627 1848 5682 mg.

235 5702 282 5757 ubi
297 5701 466 5758 Euticlretem
481 5704 668 5773 quemdamde
683 5704 735 5760 lide
751 5706 962 5763 resurrectionis
976 5721 1018 5763 et·
1067 5721 1120 5779 net,
1135 5729 1167 5768 ue
1180 5713 1230 5768 sili
1249 5713 1364 5770 debiturn
1378 5695 1528 5782 subtrahat,
1544 5732 1603 5771 cum
1625 5717 1703 5772 alteri
1725 5716 1849 5772 bonarum

235 5801 341 5848 cantem
361 5793 478 5850 convicit
496 5794 524 5848 in
547 5797 688 5864 praesentia
709 5796 821 5854 Tiberii.
845 5797 970 5857 Caaoues
982 5798 1017 5858 de
1066 5804 1143 5875 opert
1157 5803 1309 5866 indebitum.
1324 5805 1390 5867 item
1403 5806 1501 5866 bound
1516 5807 1846 5882 Constantinopolitano:

274 5942 329 6014 tos)
345 5941 410 6000 cm.
427 5962 496 6017 qua.
