4350 6709
278 520 335 581 953

930 520 1045 578 tubus
1063 521 1264 580 essentiis,

1849 525 1902 583 sat

280 639 374 694 sedem
403 639 507 709 antiqui
532 643 607 711 regni
631 643 692 706 sui,
716 641 857 703 Ecclesia,
887 653 948 709 quae
975 642 1106 697 seeuntlt
1154 635 1232 692 'l'une
1249 637 1436 695 Antichristus
1453 639 1565 695 ueniens
1579 648 1642 696 ante
1663 641 1755 697 sedum
1771 645 1843 714 regis
1855 644 1902 700 la-

280 729 461 785 descenderat
483 731 696 805 lerosolymam,
723 735 750 788 in
775 733 876 802 templo
898 737 1063 786 remanente.

281 820 359 876 Tune
375 837 436 877 cum
453 822 574 880 Ecclesia
586 835 613 880 ct
628 825 772 882 Gentilitas
786 836 812 881 ct
828 824 970 897 synagoga
985 824 1066 877 vicis-

281 912 333 965 sim
349 922 471 978 cantant,
487 925 514 969 ut
529 931 621 984 supra.
637 914 790 972 Procedant
801 915 950 987 hypocrite
963 914 1013 968 sub
1028 914 1067 967 si·

281 1005 366 1061 lentio
379 1015 405 1061 et
419 1009 508 1077 speeie
522 1009 696 1072 humilitatis,
715 1009 879 1064 inclinantes
893 1009 1067 1077 circumqua-

281 1109 334 1162 que
359 1104 384 1150 et
401 1105 543 1167 captantes
568 1097 688 1154 latorem
710 1099 852 1154 laieorum.
873 1098 913 1153 lld
942 1097 1065 1151 ultimum

280 1202 376 1242 onmes
395 1190 560 1243 conveniant
575 1200 637 1246 ante
652 1192 813 1253 cecissimo,
836 1199 863 1246 et
880 1191 971 1246 sedem
994 1190 1065 1260 regis

278 1277 463 1352 lerosolpnae.
481 1282 531 1349 Qui
549 1301 596 1338 erts
612 1285 725 1340 honeste
748 1285 900 1354 sttscipiens
916 1299 948 1338 cr
962 1293 1019 1336 toto
1035 1297 1066 1336 se

280 1371 378 1424 subdet
393 1388 487 1425 eorum
503 1375 629 1429 consilio.
645 1372 741 1428 Statim
757 1374 908 1444 ingreditur
925 1372 1064 1426 Antichri-

280 1474 338 1517 stus
363 1466 414 1519 sub
439 1466 489 1520 alis
511 1466 623 1523 indutus
645 1468 774 1531 loricam,
794 1467 987 1521 concitantibus
1002 1479 1064 1519 etun

279 1553 421 1624 lltpoerisi
441 1572 454 1608 a
470 1557 585 1621 dextris
603 1567 629 1613 et
645 1557 747 1613 llaeresi
763 1573 778 1611 a
793 1557 931 1620 sinistris,
949 1557 1064 1626 adquae

279 1646 337 1716 ipse
352 1655 443 1699 eanlat
460 1664 466 1698 τ

350 1740 403 1794 lter
415 1743 486 1812 rapui
502 1744 569 1795 reuit
582 1743 657 1799 hora.

348 1832 402 1885 Per
415 1850 459 1886 ons
473 1851 533 1903 erpo
549 1836 605 1888 sinc
617 1852 691 1888 mora

351 1922 374 1974 F
377 1926 428 1986 iat,
446 1933 474 1975 ut
485 1925 656 1978 conscendant
670 1927 742 1996 repni
753 1925 848 1980 solium
860 1944 870 1982 .·

348 2013 391 2067 lle
404 2015 516 2069 ututtdus
531 2017 631 2081 adoret,
646 2025 671 2070 et
684 2035 736 2071 nou
751 2018 845 2075 alium.

354 2103 404 2157 l'os
420 2106 532 2173 adaptas
548 2107 670 2175 repasci,

352 2189 403 2244 l'os
414 2191 449 2244 ad
461 2197 508 2245 boc
522 2192 653 2263 hueusque
666 2194 729 2263 [aui.

348 2281 414 2337 Ecce
425 2283 500 2337 labar
511 2294 602 2347 aester,
619 2294 643 2338 et
659 2286 792 2341 industria

347 2376 388 2428 Ad
403 2376 450 2430 hoc
466 2377 528 2431 ntilti
544 2388 604 2432 sunt
622 2381 778 2434 necessaria.

348 2467 389 2521 En
401 2468 535 2523 Christum
549 2482 636 2539 pentes
650 2471 789 2536 honorant,

353 2558 515 2613 Venerantur
528 2571 553 2613 et
568 2560 692 2618 adorant.

348 2651 413 2720 Ejus
427 2669 487 2722 erpa
502 2652 583 2707 delete
595 2657 758 2720 memoriam,

303 2815 305 2818 Ι
348 2744 379 2798 lu
392 2763 432 2799 rue
443 2763 518 2800 suam
534 2748 719 2816 transferentes
732 2751 854 2821 pluriam.

311 2839 352 2892 Ad
366 2838 536 2910 llypocrisim
554 2855 560 2890 ε

347 2931 380 2986 1η
396 2943 419 2986 te
432 2950 499 3003 pauo
513 2933 724 3002 [utrdatuentum.

311 3024 351 3079 lld
366 3025 495 3081 Haercsim
513 3044 519 3077 :

348 3116 400 3170 Per
416 3126 439 3170 te
454 3118 498 3186 fiet
513 3119 709 3174 incrementum.

311 3209 352 3263 sd
369 3209 537 3280 llypoerisim
557 3232 563 3266 :

349 3303 386 3357 Tu
398 3305 511 3374 {atrorem
529 3306 656 3360 laicorum
670 3296 785 3360 exstrue.

275 3395 317 3451 sd
334 3395 462 3453 llarcsim
478 3416 484 3450 ε

348 3489 386 3543 Tu
397 3489 544 3546 doctrinam
559 3492 713 3546 clericorum
723 3491 836 3548 destrue.

311 3578 388 3635 Tunc
405 3583 457 3638 illae
478 3603 484 3638 :

346 3675 398 3731 Per
414 3694 460 3731 uas
471 3677 584 3732 mundus
601 3677 647 3730 tibi
663 3677 770 3731 credet:
853 3669 858 3680 ’

345 3771 449 3826 Nomen
464 3770 564 3828 Christi
577 3772 625 3826 tibi
638 3773 718 3827 cedet.

310 3861 471 3934 llypocrisis
484 3880 491 3915 ε

346 3977 419 4033 h'am
433 3996 478 4050 per
492 3997 533 4035 nte
550 3980 667 4050 fauorem
682 3978 782 4033 dabunt
794 3980 866 4036 laici.

311 4075 430 4132 llaeresis
447 4091 453 4126 t

345 4191 379 4244 Et
392 4207 438 4260 per
453 4206 493 4243 me
508 4188 642 4245 Christum
654 4189 783 4260 crepabunt
795 4190 892 4245 clerici.

309 4307 387 4361 'lune
402 4307 556 4376 praecedent
571 4321 632 4360 eum
649 4308 708 4376 ipso
723 4309 852 4377 paulatim
871 4318 1010 4380 sequente.
1028 4310 1060 4364 Et

274 4407 418 4470 postquam
434 4399 558 4452 venerint
573 4405 636 4452 ante
658 4398 749 4453 sedem
776 4399 847 4468 regis
868 4397 1058 4471 ierosolymae,

274 4490 433 4562 llypocrisis
460 4490 615 4544 insusurret
642 4489 792 4560 hypocritis
820 4492 988 4546 annuntians
1019 4493 1059 4548 eis

273 4584 420 4637 adrentum
446 4580 618 4636 llntiehristi.
643 4581 694 4646 Qui
723 4581 814 4635 statim
836 4590 982 4637 occurrent
1007 4583 1058 4638 sibi

273 4683 439 4730 cantantes:

346 4786 430 4841 Sacra
446 4785 536 4855 relipio
546 4782 652 4853 jamdiu
664 4782 795 4838 titttbaeit.

343 4879 457 4933 Matrem
469 4877 614 4930 Ecclesium
627 4879 730 4930 vanitas
741 4880 884 4946 occuparit.

348 4969 444 5040 lltqnt'a
453 4967 565 5039 perditio
578 4983 624 5037 per
639 4967 707 5020 eiras
721 4965 894 5034 phaleratos?

344 5063 413 5118 Deus
426 5082 476 5117 iton
487 5063 574 5133 dilipt't
586 5062 725 5116 scrutarer
740 5046 875 5127 prelatos.

343 5156 460 5210 Ascende
475 5157 590 5210 culntirta
606 5157 683 5226 sepite
699 5156 846 5223 potestatis.

342 5250 396 5307 Per
409 5261 433 5305 te
447 5252 563 5321 retiqutu
577 5260 709 5305 mutentur
720 5251 865 5304 vetustatis.

307 5342 387 5400 'l'utte
398 5345 585 5400 Antichristus
601 5360 607 5394 ε

345 5437 481 5504 Quomodo
496 5437 619 5507 psthac?
635 5435 690 5507 Epo
704 5451 762 5489 sunt
776 5435 814 5488 cir
829 5435 942 5504 ipttotus.

308 5527 386 5584 Tune
402 5530 454 5600 ipsi
471 5545 477 5579 :

343 5619 445 5676 Nostro
460 5622 570 5675 cotardia
587 5619 698 5674 muudus
714 5619 811 5690 iacebit
826 5627 907 5675 tatus.

344 5711 401 5766 illos
417 5713 598 5782 occupavimus
608 5713 724 5778 [ararem
740 5711 880 5765 laicorum.

345 5801 423 5856 Nunc
435 5819 481 5872 per
496 5810 520 5854 te
534 5810 641 5854 corruat
653 5800 774 5854 doctriua
787 5799 955 5855 clericorum.

344 5893 451 5948 Nostris
468 5893 576 5947 auxiliis
593 5893 789 5948 ltuuetbronum
804 5893 952 5963 occupabis.

346 5987 384 6040 Tu
397 5989 449 6042 tuis
464 5987 563 6042 meritis
576 5995 671 6040 catera
685 5985 888 6043 consummabit.

1118 731 1261 801 resolymre
1275 738 1366 784 cantat
1386 731 1419 784 atl
1437 731 1594 803 hypocritas
1612 752 1619 788 ε
1644 767 1648 776 ·

1190 821 1271 888 Quem
1288 822 1335 877 sub
1348 821 1472 877 Ecclesia
1489 826 1586 894 premio
1608 826 1760 893 concepistis

1186 912 1282 983 Lonpis
1298 914 1446 979 conatibus,
1462 932 1501 968 rue
1517 915 1622 969 tendent
1638 919 1774 986 persistis.

1187 1006 1333 1059 dicendam
1348 1007 1438 1075 ipilur‚
1454 1023 1533 1077 reputt
1545 1008 1701 1077 subjupabo.

1186 1095 1318 1164 Depeuaut
1331 1110 1426 1163 veteru,
1442 1116 1507 1153 noca
1515 1100 1580 1169 jura
1592 1100 1707 1155 dictabo.

1151 1185 1228 1244 'luite
1240 1199 1371 1244 ereuutes
1381 1189 1405 1242 ei
1422 1190 1560 1258 superiora
1574 1192 1730 1246 indumento
1743 1191 1895 1249 ascendunt

1115 1279 1248 1347 expositis
1264 1281 1372 1350 gladiis,
1385 1289 1412 1334 et
1427 1282 1595 1351 deponentes
1611 1299 1701 1352 regern
1715 1282 1899 1357 ierosolymo-

1116 1384 1175 1420 rum
1191 1379 1325 1423 coronunt
1341 1371 1720 1428 huticltristttmcantantes:

1185 1459 1320 1515 Firmetur
1332 1479 1424 1516 manus
1437 1472 1493 1527 tua,
1506 1473 1530 1517 et
1544 1466 1674 1518 exaltetur
1684 1466 1791 1520 dextera
1806 1477 1861 1522 tua.

1150 1555 1227 1610 Tune
1243 1572 1289 1610 rex
1308 1555 1486 1627 ierosolymis
1511 1558 1641 1612 ascendat
1666 1560 1699 1614 ad
1716 1574 1806 1630 regem
1825 1558 1897 1613 Teu·

1115 1647 1267 1700 tunicorunt
1283 1647 1358 1702 solus
1373 1655 1486 1702 cantans
1503 1667 1509 1701 :

1184 1739 1310 1808 Deceptus
1321 1741 1423 1808 [iterant
1436 1757 1481 1810 pcr
1494 1756 1563 1808 spent
1576 1740 1713 1798 botrorum.

1184 1833 1250 1886 Ecce
1266 1833 1395 1886 destituor
1410 1834 1712 1903 [raudesintulatoruru.

1183 1924 1265 1995 [lepui
1283 1925 1391 1995 sastipia
1404 1926 1529 1993 putabam
1544 1925 1631 1980 beata.

1184 2015 1214 2072 Si
1227 2027 1312 2071 esseut
1328 2017 1420 2070 talium
1434 2017 1526 2071 edictis
1542 2017 1676 2070 ordinata.

1182 2109 1295 2163 Rotnnui
1305 2109 1429 2164 culminis
1441 2109 1503 2162 dunt
1518 2127 1586 2164 esses
1600 2108 1753 2174 advocatus,

1184 2201 1238 2256 Sub
1253 2203 1350 2255 honore
1365 2203 1447 2272 eripuit
1459 2201 1587 2256 Ecclesia
1604 2213 1700 2257 stattts.

1182 2293 1260 2347 Nunc
1271 2304 1323 2348 turc
1336 2307 1425 2356 patetis
1443 2304 1481 2348 est
1496 2297 1594 2347 malunt
1608 2294 1793 2360 discessionis,-

1186 2387 1258 2458 l'ipet
1268 2387 1400 2457 pestifere
1416 2388 1457 2441 lec
1467 2387 1671 2455 susperstitionis.

1147 2479 1256 2534 luterim
1282 2480 1431 2552 hypocritae
1459 2481 1616 2534 conducunt
1639 2479 1837 2535 htttiehristum
1865 2483 1894 2536 in

1113 2573 1240 2643 templum
1255 2571 1372 2635 llotniui,
1388 2582 1520 2642 ponentes
1538 2573 1574 2627 ibi
1591 2573 1719 2626 thronum
1735 2588 1826 2628 suum.
1840 2572 1895 2628 Ee·

1111 2667 1194 2722 clesia
1206 2681 1280 2729 reto,
1297 2681 1357 2735 quae
1373 2665 1410 2719 ibi
1421 2674 1601 2726 remanserat,
1613 2670 1706 2718 multis
1720 2665 1895 2720 contumeliis

1111 2768 1139 2810 et
1153 2758 1312 2811 verberibus
1334 2755 1429 2811 allecta
1446 2756 1544 2810 redibit
1565 2756 1598 2810 ad
1621 2757 1712 2810 sedem
1733 2755 1892 2826 Apostottci.

1112 2847 1190 2902 Tunc
1205 2848 1392 2904 Antichristus
1408 2848 1507 2919 diriget
1528 2848 1642 2902 nuutios
1660 2863 1725 2904 suos
1740 2849 1775 2903 ad
1797 2849 1892 2919 singu·

1112 2942 1152 2995 los
1164 2958 1241 3012 reges
1256 2942 1414 2997 Graecuutm
1431 2942 1526 2997 dicens
1543 2960 1549 2995 :

1181 3033 1261 3088 Scitis
1279 3034 1404 3089 dic-initus
1421 3033 1453 3087 ab
1469 3033 1516 3088 hoc
1532 3035 1653 3090 ructabit
1669 3033 1772 3093 datum.

1184 3126 1216 3180 tu
1238 3143 1282 3194 per
1296 3144 1383 3181 ontncs
1396 3126 1506 3180 lrabearn
1518 3137 1603 3181 terras
1618 3129 1805 3196 principatum.

1181 3219 1222 3272 Ad
1235 3219 1282 3272 hoc
1295 3218 1400 3272 idoneos
1412 3219 1545 3272 ministros
1559 3235 1602 3272 uos
1616 3217 1691 3285 alepi,

1083 3344 1095 3360 .
1182 3311 1303 3382 Perquos
1313 3319 1382 3365 totus
1398 3309 1510 3364 uturtdus
1526 3309 1655 3363 subdatur
1670 3317 1766 3362 nostrie
1779 3308 1839 3378 lept.

1182 3406 1253 3459 lline
1267 3406 1353 3474 prima
1366 3405 1488 3458 terminos
1505 3401 1655 3457 bracarum
1671 3411 1804 3470 occupate.

1181 3494 1286 3549 Grecos
1299 3494 1453 3560 terroribus,
1469 3504 1515 3546 aut
1531 3494 1598 3547 bello
1613 3493 1760 3564 subjupatc.

1147 3587 1198 3654 Qui
1216 3587 1356 3642 uenientes
1380 3586 1413 3639 ad
1430 3602 1519 3656 regent
1541 3585 1698 3641 Graecorutu
1715 3592 1828 3640 cantant
1844 3599 1892 3641 co·

1112 3697 1169 3733 taut
1186 3695 1237 3733 eo:
1740 3676 1745 3686 ’

1180 3771 1245 3836 lter,
1259 3771 1306 3825 tibi
1316 3771 1389 3826 salus
1405 3774 1468 3827 sita
1482 3771 1613 3827 saltatore

1182 3849 1292 3929 Nostro,
1305 3883 1393 3936 reputa
1408 3875 1432 3918 et
1447 3868 1528 3921 totius
1544 3865 1614 3920 orbis
1629 3875 1738 3928 rectore,

1181 3957 1246 4022 Qui,
1256 3957 1324 4030 sicut
1335 3971 1367 4009 ec
1380 3953 1525 4026 Scripturis
1539 3956 1635 4012 ntunda
1648 3957 1699 4026 [uit
1714 3957 1873 4026 promissus,
1895 3972 1899 4006 t

1181 4047 1319 4101 Descendit
1333 4047 1364 4101 de
1382 4048 1453 4102 calis
1465 4048 1497 4101 ab
1514 4064 1574 4103 arce
1590 4047 1681 4103 Patris
1696 4049 1803 4103 otiatus.

1182 4138 1232 4192 llle
1250 4155 1351 4209 semper
1366 4139 1434 4193 idem
1448 4157 1556 4195 araneus
1572 4143 1600 4195 iu
1616 4140 1732 4206 Deitate.

1179 4233 1221 4286 dd
1236 4234 1316 4287 uitam
1327 4250 1377 4288 etta
1393 4253 1439 4290 uas
1456 4236 1655 4305 invitatpietate

1183 4324 1233 4378 llic
1245 4343 1272 4380 se
1291 4328 1345 4381 uult
1358 4344 1374 4381 a
1390 4330 1489 4383 cunctis
1502 4338 1530 4382 ut
1541 4329 1624 4384 llettnt
1639 4330 1767 4391 reamari,

1181 4419 1215 4473 Et
1229 4437 1245 4473 a
1263 4431 1315 4474 toto
1329 4420 1427 4475 munda
1438 4439 1465 4475 se
1472 4422 1547 4492 jubet
1563 4420 1680 4476 adorari.

1182 4510 1270 4579 liujus
1285 4511 1363 4565 edicti
1375 4512 1490 4581 [orniam
1505 4514 1529 4567 ti
1541 4522 1567 4565 tu
1582 4513 1737 4582 preteribit,

1181 4600 1214 4654 lu
1226 4617 1269 4653 ore
1279 4600 1363 4671 pladii
1377 4618 1436 4655 cunt
1451 4603 1502 4657 tuis
1518 4604 1650 4657 interibis.

1071 4690 1093 4744 D
1142 4693 1246 4761 Quibus
1261 4695 1328 4749 ille:

1177 4787 1298 4841 Libenter
1307 4785 1413 4842 exhibeo
1426 4791 1480 4859 rapi
1493 4789 1662 4858 famulatum,

1178 4879 1260 4947 Quetu
1276 4890 1349 4934 tauto
1360 4880 1447 4935 dicitis
1459 4883 1557 4936 bonore
1572 4883 1752 4942 sublimaturi.

1179 4971 1273 5027 Hortor
1285 4982 1323 5027 est
1335 4982 1359 5026 et
1373 4973 1458 5042 pieria
1469 4975 1516 5027 tali
1530 4974 1644 5037 obedire,

1178 5062 1249 5117 Huic
1264 5073 1319 5117 tota
1333 5074 1416 5118 mente
1431 5064 1552 5120 desidero
1567 5067 1673 5121 servire.

1143 5157 1175 5211 Et
1193 5158 1244 5212 hoc
1260 5158 1362 5213 iterans
1379 5158 1452 5212 tenu
1468 5159 1501 5213 ad
1522 5161 1694 5230 praesentiam
1710 5158 1888 5228 Antichristi,

1107 5256 1133 5303 et
1149 5257 1224 5304 stans
1237 5264 1329 5302 eornm
1344 5264 1377 5303 eo
1394 5257 1505 5304 cantat:

1179 5344 1238 5398 Tibi
1250 5345 1375 5414 profiteor
1390 5341 1467 5397 decus
1485 5343 1630 5411 imperiale.

1179 5434 1236 5501 Quo
1251 5435 1298 5488 tibi
1312 5435 1435 5495 terciam,
1443 5432 1489 5502 jus
1502 5433 1606 5503 postula
1621 5431 1717 5502 sepulc.

1142 5525 1175 5580 Et
1189 5526 1259 5581 llexo
1276 5542 1357 5596 genu,
1375 5525 1453 5580 ollert
1467 5525 1492 5579 ei
1510 5539 1649 5579 coronam.
1667 5522 1743 5578 Tune
1757 5522 1892 5579 Antichri-

1107 5629 1167 5673 stus
1179 5617 1328 5687 depingens
1344 5618 1458 5688 primam
1473 5616 1589 5670 litteram
1605 5614 1722 5669 nominis
1733 5613 1774 5668 stri
1783 5614 1850 5684 regi,
1862 5623 1891 5670 et

1108 5711 1234 5765 omnibus
1249 5711 1307 5765 suis
1319 5710 1346 5763 itt
1363 5708 1463 5773 leonte,
1479 5717 1506 5764 et
1518 5723 1647 5763 eoronam
1659 5708 1683 5760 ei
1698 5707 1725 5760 in
1740 5705 1828 5776 eapite
1845 5722 1890 5761 re·

1108 5819 1212 5874 ponens
1225 5810 1317 5856 eatttat
1332 5822 1339 5856 ε

1182 5896 1243 5950 Vite
1252 5912 1298 5966 per
1311 5896 1438 5966 pralium.
1449 5904 1474 5950 et
1489 5896 1591 5965 suscipe
1606 5893 1740 5957 honorem,

1178 5989 1248 6044 bum
1259 6006 1300 6044 ute
1314 5989 1476 6062 recopnoscit
1488 5999 1802 6044 cunctorumctentoreut.
