4350 6709
229 601 286 660 555

772 613 775 618 ’
853 597 1015 656 utrumn.
1035 631 1070 642 -
1090 600 1155 657 tto.
1177 591 1221 656 tt

1805 611 1860 669 ibi

227 737 293 777 mor
307 719 419 776 Domini
434 719 466 774 ¹¹.
487 736 498 771 ι
521 717 631 790 Septem
653 731 719 789 ergo
730 717 826 773 diebus
848 717 1021 787 baptismalia
1035 723 1059 782 Α
1072 727 1147 784 runt,
1165 716 1340 771 infractione
1355 717 1632 789 panisagnoverunt3
1647 722 1711 792 quia
1732 738 1787 779 non
1810 738 1860 782 au·

228 814 406 870 celebrantur
419 811 518 878 odicia,
533 813 575 866 rel
588 811 654 882 quia
667 811 797 881 baptizati
818 809 922 880 Spiritu
938 811 1022 881 septi·

228 905 315 960 lormi
327 905 460 969 ditantur,
475 902 516 957 nel
527 902 592 972 quia
603 904 725 971 ipsorum
739 902 870 970 temporis
883 901 1020 956 universi·

227 1010 272 1054 tas
288 997 399 1053 dierum
414 999 569 1067 septenario
590 996 719 1061 solvitur,
743 995 843 1065 quibus
860 995 925 1064 quia
952 1009 1022 1064 prae·

229 1092 311 1161 sipue
326 1091 405 1156 fides,
418 1105 490 1160 spes,
511 1089 642 1154 charitas,
670 1095 735 1143 sunt
762 1087 929 1152 necessaria,
959 1087 1020 1142 ideo

227 1184 320 1237 tribus
329 1182 444 1252 psalmis
457 1183 560 1236 utimur
571 1182 598 1235 in
612 1180 769 1246 matutinis;
785 1179 831 1233 sed
841 1178 939 1233 exinde
949 1179 1021 1232 mul·

227 1275 401 1344 tipiicantur,
413 1284 442 1329 ut
459 1275 524 1329 honi
539 1289 631 1330 mores
644 1274 815 1328 diversorum
830 1286 944 1341 operum
971 1285 1019 1326 ac·

227 1367 415 1432 cumulentur,
432 1366 474 1420 vel
488 1381 535 1436 per
549 1375 652 1435 septem
666 1365 724 1419 dies
740 1363 821 1417 unius
834 1362 936 1418 coloris
959 1360 1018 1415 ohi-

227 1460 305 1515 cium
317 1460 499 1526 celebramus,
512 1468 542 1513 ut
557 1461 642 1514 totius
659 1465 759 1513 nostra·
771 1457 832 1511 vitm
840 1455 1018 1519 curriculum,

227 1549 263 1603 ad
275 1552 392 1603 mortem
418 1560 446 1604 et
459 1550 688 1606 resurrectionem
713 1548 824 1602 Domini
850 1547 1017 1614 reseramus,

226 1644 390 1699 sicutenim
410 1644 469 1699 dies
496 1644 738 1708 resurrectionem,
754 1642 795 1697 sie
820 1657 874 1695 nox
903 1652 1019 1695 mortem

226 1735 339 1791 Domini
354 1745 547 1806 repraesentat·
566 1752 620 1790 una
649 1735 694 1790 die
706 1735 858 1790 resurrexit
874 1733 1018 1800 Dominus,

226 1829 277 1884 sed
292 1836 383 1882 tamen
398 1844 447 1898 per
459 1838 562 1898 septem
577 1828 635 1883 dies
645 1828 779 1883 dicimus:
793 1825 826 1880 ln
851 1829 899 1880 lanc
910 1828 1019 1896 potissi-

226 1937 303 1974 mum
327 1921 372 1974 die
394 1921 535 1990 plorioaina
563 1922 720 1990 predicare,
736 1930 763 1975 ct
779 1938 785 1974 :
802 1919 867 1974 lime
887 1929 926 1973 eat
950 1922 1016 1976 dies.

227 2011 291 2068 Una
309 2012 362 2067 luit
379 2011 482 2068 Christi
509 2028 593 2080 mors,
623 2013 710 2068 trihus
728 2013 886 2068 corninuata
910 2013 1016 2080 diebus,

1072 807 1185 876 ditores,
1199 810 1245 864 sed
1255 808 1374 864 factores
1392 810 1459 882 legis
1472 811 1696 880 justificabuntur
1707 815 1740 882 ¹¹,
1767 823 1795 871 et
1813 832 1857 873 ve·

1073 903 1141 956 ritas
1157 903 1254 956 melius
1267 902 1405 970 operando
1420 918 1503 970 quam
1532 904 1670 960 audiendo
1686 907 1856 978 intelligitur.

1072 994 1224 1050 Etattende
1239 994 1311 1063 quod
1328 993 1379 1048 hoe
1403 994 1493 1060 hodie,
1523 995 1586 1050 lieet
1613 997 1717 1066 legatur
1742 1014 1851 1071 evange

1071 1088 1139 1142 lium
1152 1087 1185 1141 de
1197 1086 1367 1155 apparitione
1378 1085 1498 1152 Domini,
1518 1102 1573 1141 uon
1600 1099 1690 1143 tatucn
1706 1090 1797 1158 hodie,
1812 1091 1856 1146 ted

1070 1179 1129 1234 heri
1142 1179 1200 1233 haec
1211 1178 1345 1249 apparitio
1359 1177 1428 1243 luit;
1447 1178 1540 1232 decem
1558 1180 1657 1233 etenim
1674 1182 1857 1250 apparitiones

1070 1269 1172 1325 Christi
1187 1278 1248 1340 post
1263 1270 1491 1324 resurrectionem
1507 1270 1533 1322 in
1549 1271 1699 1341 evangeliis
1713 1271 1857 1327 inveniun-

1070 1370 1125 1427 tur,
1143 1362 1265 1431 quinque
1276 1361 1302 1413 in
1314 1361 1372 1429 ipsa
1388 1360 1441 1425 die,
1460 1361 1582 1430 quinque
1601 1371 1705 1431 postea,
1729 1365 1776 1418 sed
1791 1373 1818 1419 et
1833 1364 1858 1419 in

1070 1452 1201 1523 apostolo
1218 1453 1317 1506 dieitur
1338 1452 1360 1482 ¹¹
1383 1453 1455 1521 quod
1475 1452 1722 1521 apparuitlacobo,
1738 1463 1763 1510 et
1779 1457 1857 1525 quin-

1070 1547 1158 1615 gentis
1175 1543 1304 1599 iratrihus
1321 1546 1413 1599 simul.
1430 1545 1513 1599 Aiunt
1526 1545 1636 1615 quidam
1658 1547 1732 1617 quod
1757 1557 1784 1603 et
1801 1551 1858 1618 ipsa

1069 1635 1113 1689 die
1128 1635 1215 1705 primo
1225 1637 1350 1705 apparuit
1367 1636 1457 1702 matri,
1474 1639 1560 1691 sedet
1578 1637 1689 1705 lacobo,
1705 1641 1751 1709 qui
1763 1649 1857 1694 totum

1069 1738 1180 1784 roserat
1205 1731 1425 1797 noneumedcrc,
1451 1733 1537 1787 sedet
1552 1732 1652 1803 loseph
1677 1734 1724 1804 qui
1751 1749 1801 1804 pro
1826 1749 1858 1789 co

1070 1823 1211 1876 tenebatur
1223 1823 1385 1907 inseareere.
1398 1823 1436 1878 Ει
1446 1823 1594 1897 Evangelio
1604 1827 1857 1890 sumiturAllelniu,

1069 1911 1159 1978 lione,
1172 1922 1198 1968 ct
1212 1914 1348 1969 «afferenda
1362 1931 1368 1966 :
1380 1914 1505 1985 Airpelns,
1522 1932 1556 1969 ex
1570 1931 1603 1970 eo
1618 1918 1691 1987 quod
1707 1918 1742 1971 ibi
1757 1918 1858 1972 dieitur

1069 2007 1199 2061 mulieres
1226 2007 1345 2062 visiones
1372 2007 1473 2061 vidisse
1500 2009 1671 2078 angelorum,
1691 2012 1737 2080 qui
1762 2011 1857 2066 dicunt

225 2108 275 2162 sed
292 2115 383 2162 tamen
398 2123 446 2177 per
456 2119 560 2178 septem
572 2117 676 2175 noctes,
688 2117 742 2162 tres
755 2108 875 2176 psalmos
888 2106 1016 2173 dicimus,
1032 2090 1054 2144 Β
1069 2115 1130 2154 eum
1154 2100 1256 2166 virere,
1282 2100 1407 2153 similiter
1421 2108 1448 2154 et
1472 2103 1630 2156 communio
1645 2121 1651 2156 :
1669 2101 1806 2172 Surrexit,
1821 2118 1857 2162 ex

225 2209 253 2255 et
269 2209 326 2255 tres
340 2201 479 2256 lectiones.
509 2199 555 2256 llle
579 2215 643 2271 ergo
667 2211 721 2255 tres
740 2209 832 2254 cantat
854 2200 973 2269 psalmos
989 2204 1016 2254 in

226 2301 319 2358 nocte,
332 2287 381 2362 qir'i
400 2302 490 2347 mente
506 2307 535 2347 se
547 2301 620 2347 tenet
633 2292 823 2360 consepultum
850 2291 973 2354 Christo,
990 2302 1017 2347 et

226 2393 370 2440 mortuum
382 2399 444 2439 esse
461 2395 582 2454 peccato,
599 2384 645 2454 qui
664 2399 719 2438 non
735 2392 865 2453 operatur
876 2392 1016 2452 peceatum

227 2481 260 2532 ¹¹.
273 2478 321 2533 llle
337 2488 439 2541 cantat,
452 2478 508 2532 hoec
532 2478 600 2545 dies,
621 2493 669 2537 oer
697 2488 799 2548 septem
824 2479 894 2543 dies,
921 2478 968 2547 qui
989 2477 1016 2533 in

223 2573 422 2644 justificatione
433 2579 600 2642 perseverat.
614 2569 692 2625 Nune
705 2572 749 2626 his
764 2571 906 2642 spiritibus
915 2579 942 2626 et
954 2570 1018 2626 bea-

226 2667 404 2733 titudinibus,
421 2667 592 2738 singulorum
621 2665 727 2719 dierum
746 2664 833 2719 ollreia
848 2674 1015 2736 coaptemus.

226 2761 362 2830 Superius
379 2760 462 2829 igitur
474 2758 593 2813 odicium
615 2758 701 2827 ipsius
717 2756 866 2812 Dominieae
885 2756 1018 2812 Resurre-

226 2852 330 2908 ctionis
341 2852 458 2921 pertinet
470 2851 503 2904 ad
513 2852 649 2915 timorem,
659 2866 713 2920 qua
727 2849 856 2905 timemus
867 2850 1017 2904 terribilem

226 2943 391 2997 sententiam
402 2939 517 2995 iudicis.
530 2941 597 2995 Cum
609 2942 680 2995 enim
689 2941 760 2995 dicet
773 2939 848 2994 Patri
861 2941 917 2995 ltcx
931 2950 957 2994 et
969 2938 1018 2994 Ju-

225 3036 278 3090 dex
291 3036 427 3099 oninium,
442 3032 597 3099 Resurreai,
613 3042 638 3086 et
659 3033 745 3085 adhue
761 3041 846 3086 tecum
868 3049 927 3086 anm
937 3033 969 3099 ¹¹,
989 3034 1016 3087 in

226 3128 449 3200 suggillationem
472 3126 647 3181 inimicorum
677 3125 826 3181 dicentium
846 3144 882 3180 :t
907 3126 1016 3197 quatrdo

225 3221 373 3285 morietur,
397 3227 424 3273 et
441 3218 539 3282 peribit
554 3219 726 3287 nomenoius
741 3217 782 3284 ¹¹3
811 3226 876 3272 tunc
900 3233 1016 3288 magnus

224 3309 281 3363 erit
292 3309 376 3363 timor
390 3317 417 3363 et
442 3316 555 3372 tremor,
582 3308 694 3362 undeet
710 3308 736 3361 in
761 3308 914 3364 offerenda:
934 3308 1016 3362 Terre

1067 2209 1101 2248 co
1115 2193 1187 2264 quod
1201 2193 1236 2246 ihi
1250 2194 1350 2248 dieitur
1364 2212 1370 2248 :
1389 2211 1398 2243 ι
1417 2193 1540 2250 Surrexit
1551 2194 1683 2253 Donrinus
1695 2214 1758 2254 rere
1772 2209 1857 2272 etap-

1067 2288 1158 2357 paruit
1173 2286 1288 2341 Simoni.
1304 2306 1314 2337 i
1332 2287 1372 2342 hd
1386 2288 1514 2356 pietatem
1528 2304 1592 2359 ergo
1602 2290 1718 2358 pertinet
1733 2292 1785 2345 hoe
1797 2293 1856 2346 olli-

1067 2378 1856 2452 ciunl,inquocontineturrcmemoratioscripturarum,et

1067 2487 1116 2542 per
1129 2471 1255 2542 pietatem
1268 2472 1373 2526 accedit
1388 2473 1421 2526 ad
1438 2475 1688 2529 mansuetudinem.
1704 2475 1854 2533 blansuetis

1067 2573 1159 2619 autem
1172 2573 1244 2619 terra
1256 2565 1424 2634 promittitur
1440 2565 1485 2620 illa
1494 2567 1527 2620 de
1538 2583 1591 2636 qua
1607 2567 1727 2622 dieitur:
1748 2587 1757 2619 ι
1778 2567 1854 2624 Beati

1067 2658 1160 2725 mites,
1173 2659 1302 2728 qaroniam
1318 2659 1371 2728 ipsi
1400 2660 1579 2728 possidebunt
1608 2670 1707 2714 terram
1721 2663 1754 2728 ¹¹,
1773 2681 1782 2712 i
1799 2663 1855 2717 sei-

1068 2751 1131 2806 licet
1146 2751 1274 2807 lluentem
1288 2753 1340 2820 lae,
1357 2762 1384 2808 et
1402 2755 1465 2819 mel,
1486 2755 1599 2808 undeet
1621 2754 1648 2808 in
1661 2756 1791 2809 introitu:
1805 2754 1855 2808 ln·

1068 2844 1188 2897 trodnxit
1203 2861 1246 2899 uos
1266 2845 1396 2899 Dorrrinna
1416 2848 1442 2899 in
1459 2857 1556 2900 terrant
1569 2847 1693 2914 filietatem
1705 2847 1746 2900 loe
1766 2847 1855 2902 etmel

1069 2936 1287 3002 ¹¹,etsunthaee
1309 2939 1390 2992 verba
1414 2938 1513 3010 Moysi,
1537 2940 1666 3009 populum
1686 2948 1750 3009 post
1776 2955 1853 2994 esum

1068 3027 1131 3096 agni
1146 3029 1179 3082 de
1194 3026 1461 3098 AEgyptoducentis3
1476 3031 1638 3099 introduxit,
1654 3032 1777 3101 inquam,
1787 3047 1853 3101 spe;

1068 3120 1114 3176 sed
1133 3131 1159 3174 et
1178 3121 1291 3174 inillam
1310 3123 1463 3176 introduxit
1485 3139 1531 3190 re,
1554 3142 1636 3194 quam
1664 3126 1764 3196 Calcph
1781 3126 1856 3180 dedit

1067 3216 1144 3269 hseae
1159 3215 1221 3270 tiliae
1235 3215 1333 3282 snae¹⁸,
1351 3219 1491 3286 irrigatam
1507 3218 1610 3288 irriguo
1625 3220 1760 3290 superiori
1775 3219 1857 3278 etiu-

1066 3304 1170 3359 leriori.
1181 3305 1314 3376 irriguum
1324 3308 1530 3379 iniuriusltimor
1542 3320 1599 3377 est;
1617 3316 1755 3382 superius,
1765 3329 1854 3369 amor.

226 3402 338 3455 tremuit
349 3400 382 3467 ¹¹,
398 3399 443 3455 hie
455 3399 567 3470 spiritus
586 3400 693 3455 timoris
706 3408 733 3454 ct
745 3398 951 3455 fundamentum
966 3399 1169 3485 pocCalcph
1198 3401 1312 3467 etenim,
1327 3402 1375 3470 qui
1400 3402 1478 3465 orrasi
1503 3420 1548 3456 cor
1576 3405 1785 3474 interpretatur,
1810 3407 1857 3462 dat

225 3494 314 3560 nitur,
328 3507 411 3562 super
425 3505 480 3562 quo
494 3489 609 3544 tirmiter
627 3490 792 3557 aedilicatur;
816 3492 941 3546 estenina
962 3493 1013 3562 pri·
1068 3491 1167 3545 animae
1182 3491 1356 3547 devotionem
1368 3508 1430 3547 eum
1449 3496 1547 3550 timore
1559 3497 1672 3565 pariter,
1699 3506 1725 3551 et
1748 3512 1855 3553 artiore.

226 3603 291 3642 mus
304 3593 408 3656 septem
425 3582 571 3655 graduum,
588 3598 636 3651 per
647 3583 800 3653 quosjuxta
816 3582 983 3637 Ezechielem
996 3583 1017 3614 ¹¹
1068 3581 1205 3637 llodierna
1222 3585 1306 3637 statio
1324 3596 1365 3640 est
1379 3586 1412 3638 ad
1426 3585 1557 3639 Sairetum
1574 3586 1697 3654 Petrum,
1722 3587 1764 3642 vel
1790 3587 1856 3658 quia

225 3682 263 3737 ad
281 3689 391 3751 portam
404 3678 566 3732 orientalem
581 3676 749 3730 ascenditur.
769 3674 822 3730 Sed
845 3690 955 3730 movere
970 3691 1018 3746 po·
1068 3662 1140 3729 sieut
1153 3673 1234 3745 Virgo
1250 3675 1414 3741 humilibus,
1442 3679 1482 3731 sie
1500 3675 1551 3731 luit
1577 3676 1674 3733 Petrus
1698 3678 1811 3734 mitibus
1827 3679 1855 3734 iu

227 3783 285 3831 test
298 3788 350 3829 eur
384 3787 399 3826 a
422 3771 519 3826 timore
534 3770 695 3839 incipientes
722 3770 749 3823 in
770 3769 902 3838 sapientia
925 3770 1018 3823 termi-
1067 3771 1234 3840 exemplum,
1252 3771 1293 3826 nel
1310 3772 1373 3843 quia
1389 3773 1499 3842 largiori
1517 3775 1602 3843 gratia
1621 3783 1766 3844 utrumque
1781 3774 1856 3828 dedit

227 3883 338 3935 nemus,
351 3865 507 3922 cumlsaias
517 3864 538 3895 ¹¹
553 3864 667 3934 eoeperit
681 3879 696 3917 a
711 3864 854 3933 sapientia,
864 3873 891 3918 et
904 3864 1018 3919 descen·
1066 3864 1091 3919 ei
1106 3864 1176 3920 Deus
1189 3864 1322 3936 irriguum
1334 3864 1460 3934 inferius,
1478 3882 1540 3921 cum
1557 3876 1619 3937 post
1641 3869 1741 3922 trinam
1771 3884 1855 3939 nega-

225 3962 299 4018 derit
311 3962 346 4015 ad
360 3958 505 4015 timorem!
521 3956 573 4012 Sed
588 3955 673 4012 isaias
698 3957 755 4012 hec
769 3958 874 4024 dicens,
899 3957 1018 4013 Salvato·
1067 3959 1171 4015 tionem
1187 3958 1262 4015 derit
1274 3973 1367 4015 amare
1376 3960 1399 3991 ¹¹
1415 3979 1421 4014 :
1438 3962 1565 4032 superius
1587 3978 1648 4017 cnm
1667 3961 1800 4017 Dominus
1812 3978 1856 4016 re·

226 4071 288 4111 rem
302 4054 460 4127 descripsit,
475 4060 501 4107 et
515 4068 530 4106 a
544 4066 653 4106 summo
663 4050 813 4106 descendit.
837 4049 892 4105 lios
908 4066 973 4106 nero
984 4052 1018 4106 de
1068 4066 1184 4122 surgens
1203 4053 1329 4125 apparuit
1346 4051 1464 4121 Simoni,
1478 4053 1549 4109 sieut
1561 4054 1661 4126 legitur
1677 4053 1704 4107 in
1732 4051 1856 4124 Euange-

228 4148 347 4204 terreuis
361 4146 395 4201 ad
408 4145 530 4202 coelestia
544 4144 655 4198 tendere
669 4155 813 4208 conamur,
829 4151 857 4196 ct
878 4140 940 4196 ideo
955 4156 1017 4210 gra·
1067 4145 1105 4200 lio
1114 4146 1147 4213 ¹¹,
1161 4154 1189 4200 et
1204 4147 1314 4201 canitur
1334 4147 1362 4200 in
1377 4147 1583 4202 communione.

227 4243 283 4298 dua
297 4239 467 4296 ascendendo
483 4251 682 4293 connumerare
696 4236 837 4303 dehemus,
853 4243 883 4289 ut
894 4250 909 4289 a
921 4234 1017 4290 timore
1102 4237 1180 4293 Feria
1202 4238 1280 4294 tertia
1299 4239 1397 4309 legitur
1409 4239 1577 4310 evangelium
1593 4258 1599 4293 ε
1617 4238 1698 4294 Stetit
1713 4238 1792 4295 lesos
1808 4240 1854 4295 ¹⁷.

228 4337 264 4391 ad
279 4334 441 4405 sapientiam
453 4331 596 4403 pervenire
616 4331 764 4402 possimus.
782 4329 892 4401 Etonia
908 4330 1017 4401 hiespi-
1066 4333 1115 4388 uhi
1134 4332 1234 4387 dieitur
1255 4331 1329 4403 quod
1352 4332 1404 4386 hac
1426 4348 1491 4387 voce
1508 4351 1515 4387 ε
1535 4331 1694 4398 Phanotis,
1717 4333 1855 4402 apostolos

226 4430 310 4494 ritus,
323 4438 352 4482 ut
363 4426 494 4491 diximus,
506 4423 587 4480 edicit
601 4422 795 4486 humilitatem,
810 4422 871 4476 ideo
883 4422 964 4477 statio
976 4433 1017 4477 est
1068 4432 1201 4490 pominus
1217 4434 1354 4498 saturasti,
1371 4442 1398 4488 ei
1412 4431 1591 4497 subauditum
1604 4432 1649 4495 sn,
1666 4432 1708 4485 vet
1719 4439 1777 4485 cst:
1790 4432 1855 4501 quia

227 4519 265 4575 ad
295 4519 425 4573 Sanctam
458 4515 591 4578 Mariam·
628 4530 690 4584 (1¹¹ae
723 4512 774 4567 sui!
801 4514 894 4585 schini
927 4514 1016 4568 humi·
1067 4524 1220 4595 luitprima
1235 4539 1289 4579 vox
1304 4525 1364 4593 eius
1379 4525 1411 4579 ad
1428 4523 1579 4593 discipulos
1594 4530 1656 4591 post
1677 4495 1886 4577 resurreetio-⁶

227 4614 308 4677 filim,
326 4611 397 4665 ttttde
412 4610 520 4680 inquld:
537 4628 546 4660 l
567 4608 696 4677 Respexli
709 4606 888 4661 humilitatem
911 4606 1017 4661 aneilla}
1068 4634 1142 4673 nem,
1171 4616 1234 4672 Meo
1249 4617 1369 4671 vicarius
1389 4617 1449 4686 ejus
1469 4616 1554 4669 ulitur
1571 4630 1615 4676 ep,
1631 4630 1694 4667 cum
1718 4615 1807 4682 primo
1825 4630 1856 4670 se

227 4723 288 4764 suae
300 4704 333 4758 ¹¹.
354 4725 364 4758 ι
1067 4711 1148 4765 vertit
1165 4710 1198 4762 ad
1212 4709 1360 4779 populum;
1378 4708 1425 4762 scd
1442 4717 1471 4762 ut
1484 4707 1645 4761 ostendatse
1661 4722 1745 4758 uirum
1762 4721 1792 4758 ex
1805 4722 1855 4760 no-

265 4799 393 4856 Seeunda
420 4797 499 4865 seria,
521 4797 619 4870 legitur
637 4795 840 4867 evangelium¹¹
859 4795 892 4850 de
906 4795 1015 4851 duobus
1032 4781 1053 4835 ⁰
1069 4804 1123 4870 his,
1141 4809 1236 4872 postea
1250 4801 1336 4855 dicit:
1353 4799 1482 4852 Donrinns
1503 4799 1645 4851 uobiscum.
1676 4795 1728 4851 Ubi
1746 4813 1855 4868 quoque

226 4892 372 4965 discipulis
393 4890 521 4947 euntibus
538 4890 565 4943 in
589 4889 731 4954 Ennnaus,
755 4889 855 4959 quilius
884 4886 1015 4965 Dominus

229 4987 389 5058 Scripturas
401 4984 508 5055 aperuit
523 4981 611 5056 lloysi
629 4993 655 5038 et
667 4983 789 5037 omnium
806 4982 1014 5053 prophetarum,

226 5083 274 5138 cui
297 5079 423 5151 congruit
436 5078 516 5133 leetio
526 5079 645 5133 belnum
659 5076 856 5147 apostolorum,
874 5075 918 5128 uhi
948 5075 1016 5130 dici-

227 5189 291 5234 tur:
306 5173 378 5228 Huic
392 5189 479 5228 earnes
497 5171 631 5243 prophete
647 5171 825 5224 testimoninm
837 5168 972 5240 perhibent
983 5169 1014 5223 ¹¹.

225 5270 257 5324 lu
270 5269 324 5323 hoc
339 5266 479 5337 euangelio
490 5265 589 5336 prohat
605 5262 736 5318 Dominus
752 5278 829 5317 suam
858 5263 1016 5332 passionem

225 5364 353 5417 humano
366 5358 458 5431 generi
477 5356 672 5423 neeessariam,
693 5365 720 5410 et
738 5356 841 5426 fingens
853 5371 882 5410 se
908 5356 1017 5426 longius

225 5459 279 5524 ire,
293 5455 377 5510 talem
395 5469 425 5509 se
440 5451 494 5508 illis
517 5451 643 5508 exhihuit
657 5451 685 5504 in
700 5464 827 5519 corpore,
840 5449 929 5519 qualis
944 5449 1016 5519 apud

225 5548 291 5603 illos
305 5552 365 5601 erat
379 5544 407 5598 in
424 5552 525 5610 mente,
548 5551 575 5597 et
594 5542 647 5596 hoc
673 5548 834 5612 argumento
858 5540 1017 5611 peregrinos

225 5655 290 5695 esse
304 5638 459 5710 cogendum
474 5646 501 5691 et
516 5651 613 5707 panem
626 5635 653 5689 in
661 5633 782 5690 Ecclesia
791 5634 1016 5690 benedicendum.

225 5731 298 5788 Nam
313 5746 394 5802 quem
409 5730 437 5785 iu
450 5728 620 5802 expositione
632 5726 780 5798 scripturae
801 5741 857 5781 non
881 5741 1017 5796 cognore-

1070 4895 1220 4952 ntultilario
1247 4911 1324 4950 suam
1342 4895 1570 4950 resurrectionem
1587 4893 1722 4979 probarit,
1740 4895 1854 4965 scilicet,

1070 5005 1118 5059 per
1134 4988 1235 5056 nisum,
1252 5003 1300 5057 per
1311 4995 1424 5052 tactum,
1440 5003 1501 5042 cunt
1517 5002 1546 5041 se
1557 4987 1718 5056 palpabilem
1740 4987 1855 5042 demon·

1071 5083 1183 5149 stravit,
1218 5090 1244 5135 et
1276 5081 1419 5136 cicatrices
1444 5081 1580 5146 ostendit,
1605 5097 1674 5150 quas
1706 5082 1793 5136 tribus
1823 5082 1855 5136 de

1069 5175 1160 5231 causis
1182 5174 1318 5245 praecipue
1334 5172 1493 5238 reservavit,
1513 5174 1546 5227 ad
1562 5173 1749 5243 probationem
1765 5174 1858 5227 resur·

1068 5269 1211 5334 rectionis,
1228 5268 1261 5321 ad
1285 5267 1507 5322 intercedendum
1524 5281 1574 5336 pro
1590 5267 1681 5331 nohis,
1697 5266 1729 5319 ad
1750 5266 1855 5334 impro-

1068 5363 1219 5433 perandum
1234 5360 1355 5430 perlidis.
1375 5359 1482 5415 Rursus
1502 5375 1550 5428 per
1568 5371 1696 5428 gustuum
1712 5359 1776 5428 quia
1793 5374 1856 5413 eum

1067 5453 1210 5524 discipulis
1225 5452 1411 5519 manducavit,
1428 5452 1523 5523 inquo
1538 5451 1616 5505 cihus
1628 5462 1785 5520 assumptus
1797 5467 1855 5507 cre·

1068 5546 1152 5614 ditur,
1165 5547 1238 5601 sicut
1254 5562 1325 5617 aqua
1341 5545 1493 5617 perignem
1510 5545 1552 5599 vel
1565 5543 1672 5598 radium
1693 5543 1758 5600 solis
1771 5545 1857 5600 ahsu·

1068 5638 1165 5704 mitur,
1188 5638 1337 5695 resolutus.
1352 5636 1525 5693 llanducavit
1540 5645 1629 5691 autem
1650 5645 1754 5707 partem
1773 5636 1857 5706 piscis

1069 5733 1136 5800 assi,
1155 5741 1183 5788 et
1196 5731 1288 5788 sanum
1305 5731 1405 5787 mellis.
1428 5729 1488 5801 lpse
1511 5729 1622 5802 quidem
1638 5737 1680 5785 est
1704 5730 1788 5801 piscis
1811 5744 1855 5785 ca·

265 5914 376 5972 ”Psal
400 5913 461 5969 tto.
501 5912 524 5946 ¹¹
546 5911 627 5968 Rom.
651 5910 678 5965 6.
718 5911 740 5942 ¹¹
761 5909 833 5967 Psal.
865 5909 927 5965 tat.
968 5912 989 5944 ¹¹
1013 5911 1085 5967 Psal.
1111 5913 1155 5969 tlt.
1196 5911 1313 5969 ¹¹l'sal.
1342 5912 1386 5968 75.
1433 5913 1454 5944 ¹¹
1481 5910 1547 5981 Cap.
1575 5909 1620 5966 td.
1670 5909 1692 5942 ¹¹
1715 5909 1783 5980 Cap.
1810 5864 1859 5966 tt.
1924 5934 1930 5946 ·

229 5986 378 6043 umet.
416 5984 576 6040 ¹¹Luc.2l.
615 5984 705 6037 ¹¹xlet.
728 5980 772 6037 td.
810 5983 833 6014 ¹¹
846 5980 926 6038 Rom.
946 5981 973 6039 2.
1012 5983 1133 6041 ¹¹lCor.
1163 5985 1208 6041 lli.
1247 5987 1270 6018 ¹¹
1283 5983 1379 6040 blatth.
1395 5983 1422 6040 5.
1462 5981 1582 6041 ¹¹Exod.
1611 5981 1655 6037 lb.
1694 5979 1786 6039 ¹¹los.
1808 5977 1857 6056 ta,

228 6058 364 6135 ''blatth
379 6055 425 6113 26.
459 6057 482 6089 ¹¹
495 6056 562 6112 buc.
579 6054 624 6109 il.
661 6054 682 6086 ¹¹
693 6052 760 6108 lbid.
