<?xml version="1.0" encoding="UTF-8"?>
<!DOCTYPE html PUBLIC "-//W3C//DTD XHTML 1.0 Transitional//EN"
    "http://www.w3.org/TR/xhtml1/DTD/xhtml1-transitional.dtd">
<html xmlns="http://www.w3.org/1999/xhtml" xml:lang="en" lang="en">
 <head>
  <title>
</title>
<meta http-equiv="Content-Type" content="text/html;charset=utf-8" />
  <meta name='ocr-system' content='tesseract 3.04.00' />
  <meta name='ocr-capabilities' content='ocr_page ocr_carea ocr_par ocr_line ocrx_word'/>
</head>
<body>
  <div class='ocr_page' id='page_1' title='image "./patrologiaecurs78unkngoog/patrologiaecurs78unkngoog_0296.png"; bbox 0 0 4350 6709; ppageno 0'>
   <div class='ocr_carea' id='block_1_1' title="bbox 343 556 1454 624">
    <p class='ocr_par' dir='ltr' id='par_1_1' title="bbox 343 556 1454 624">
     <span class='ocr_line' id='line_1_1' title="bbox 343 556 1454 624; baseline -0.007 -1"><span class='ocrx_word' id='word_1_1' title='bbox 343 566 400 624; x_wconf 74' lang='lat'>583</span> <span class='ocrx_word' id='word_1_2' title='bbox 874 561 976 618; x_wconf 76' lang='lat' dir='ltr'>neum</span> <span class='ocrx_word' id='word_1_3' title='bbox 996 560 1122 617; x_wconf 78' lang='lat' dir='ltr'>vactis</span> <span class='ocrx_word' id='word_1_4' title='bbox 1140 556 1281 616; x_wconf 74' lang='lat' dir='ltr'>cubasti</span> <span class='ocrx_word' id='word_1_5' title='bbox 1300 557 1454 616; x_wconf 69' lang='lat' dir='ltr'>troducit!</span> 
     </span>
    </p>
   </div>
   <div class='ocr_carea' id='block_1_2' title="bbox 310 677 1973 1310">
    <p class='ocr_par' dir='ltr' id='par_1_2' title="bbox 310 677 1973 1310">
     <span class='ocr_line' id='line_1_2' title="bbox 340 677 1970 754; baseline 0 -14"><span class='ocrx_word' id='word_1_6' title='bbox 340 688 421 741; x_wconf 85' lang='lat' dir='ltr'>eram</span> <span class='ocrx_word' id='word_1_7' title='bbox 456 679 668 743; x_wconf 82' lang='lat' dir='ltr'>Carcassonam,</span> <span class='ocrx_word' id='word_1_8' title='bbox 699 677 763 735; x_wconf 90' lang='lat' dir='ltr'>inde</span> <span class='ocrx_word' id='word_1_9' title='bbox 798 680 939 735; x_wconf 86' lang='lat' dir='ltr'>tendentes</span> <span class='ocrx_word' id='word_1_10' title='bbox 973 680 1007 734; x_wconf 88' lang='lat' dir='ltr'>ad</span> <span class='ocrx_word' id='word_1_11' title='bbox 1038 679 1130 734; x_wconf 89' lang='lat' dir='ltr'>villam</span> <span class='ocrx_word' id='word_1_12' title='bbox 1147 683 1169 742; x_wconf 70' lang='grc' dir='ltr'>Α</span> <span class='ocrx_word' id='word_1_13' title='bbox 1184 677 1312 732; x_wconf 74' lang='lat' dir='ltr'>concitem</span> <span class='ocrx_word' id='word_1_14' title='bbox 1340 686 1515 733; x_wconf 85' lang='lat' dir='ltr'>nostramet</span> <span class='ocrx_word' id='word_1_15' title='bbox 1539 679 1668 736; x_wconf 87' lang='lat' dir='ltr'>couritem</span> <span class='ocrx_word' id='word_1_16' title='bbox 1696 678 1849 737; x_wconf 73' lang='lat' dir='ltr'>fuxensem</span> <span class='ocrx_word' id='word_1_17' title='bbox 1871 686 1970 754; x_wconf 90' lang='lat' dir='ltr'>:quod</span> 
     </span>
     <span class='ocr_line' id='line_1_3' title="bbox 310 762 1972 851; baseline 0.002 -17"><span class='ocrx_word' id='word_1_18' title='bbox 310 762 314 771; x_wconf 53' lang='lat'>¹</span> <span class='ocrx_word' id='word_1_19' title='bbox 341 795 403 851; x_wconf 87' lang='lat' dir='ltr'>quae</span> <span class='ocrx_word' id='word_1_20' title='bbox 424 777 526 833; x_wconf 87' lang='lat' dir='ltr'>dicitur</span> <span class='ocrx_word' id='word_1_21' title='bbox 548 773 651 828; x_wconf 83' lang='lat' dir='ltr'>bleona</span> <span class='ocrx_word' id='word_1_22' title='bbox 680 773 768 844; x_wconf 82' lang='lat' dir='ltr'>ipsam</span> <span class='ocrx_word' id='word_1_23' title='bbox 796 790 910 831; x_wconf 88' lang='lat' dir='ltr'>vacuam</span> <span class='ocrx_word' id='word_1_24' title='bbox 943 775 1130 831; x_wconf 88' lang='lat' dir='ltr'>invenerunt:</span> <span class='ocrx_word' id='word_1_25' title='bbox 1184 782 1247 824; x_wconf 86' lang='lat' dir='ltr'>eom</span> <span class='ocrx_word' id='word_1_26' title='bbox 1272 766 1363 823; x_wconf 88' lang='lat' dir='ltr'>lacere</span> <span class='ocrx_word' id='word_1_27' title='bbox 1380 784 1435 824; x_wconf 93' lang='lat' dir='ltr'>uon</span> <span class='ocrx_word' id='word_1_28' title='bbox 1454 770 1617 841; x_wconf 86' lang='lat' dir='ltr'>potuissent.</span> <span class='ocrx_word' id='word_1_29' title='bbox 1645 788 1692 828; x_wconf 71' lang='lat' dir='ltr'>rex</span> <span class='ocrx_word' id='word_1_30' title='bbox 1717 772 1923 846; x_wconf 68' lang='lat' dir='ltr'>Arragonensis</span> <span class='ocrx_word' id='word_1_31' title='bbox 1943 787 1972 834; x_wconf 85' lang='lat' dir='ltr'>ct</span> 
     </span>
     <span class='ocr_line' id='line_1_4' title="bbox 341 858 1971 940; baseline -0.002 -13"><span class='ocrx_word' id='word_1_32' title='bbox 341 872 413 927; x_wconf 90' lang='lat' dir='ltr'>uude</span> <span class='ocrx_word' id='word_1_33' title='bbox 435 866 614 940; x_wconf 72' lang='lat' dir='ltr'><strong>procedentes</strong></span> <span class='ocrx_word' id='word_1_34' title='bbox 635 876 771 924; x_wconf 91' lang='lat' dir='ltr'>venerunt</span> <span class='ocrx_word' id='word_1_35' title='bbox 792 870 825 924; x_wconf 93' lang='lat' dir='ltr'>ad</span> <span class='ocrx_word' id='word_1_36' title='bbox 849 868 987 940; x_wconf 80' lang='lat' dir='ltr'>quoddam</span> <span class='ocrx_word' id='word_1_37' title='bbox 1009 875 1132 924; x_wconf 76' lang='lat' dir='ltr'>castrum</span> <span class='ocrx_word' id='word_1_38' title='bbox 1184 858 1840 922; x_wconf 82' lang='lat' dir='ltr'>cernesTolosaeierunt&#39;lolosam.Comesautem</span> <span class='ocrx_word' id='word_1_39' title='bbox 1851 864 1971 925; x_wconf 84' lang='lat' dir='ltr'>llontis·</span> 
     </span>
     <span class='ocr_line' id='line_1_5' title="bbox 340 954 1973 1035; baseline -0.001 -18"><span class='ocrx_word' id='word_1_40' title='bbox 340 963 412 1035; x_wconf 92' lang='lat' dir='ltr'>quod</span> <span class='ocrx_word' id='word_1_41' title='bbox 428 961 528 1016; x_wconf 90' lang='lat' dir='ltr'>dicitur</span> <span class='ocrx_word' id='word_1_42' title='bbox 542 960 643 1028; x_wconf 85' lang='lat' dir='ltr'>Brom;</span> <span class='ocrx_word' id='word_1_43' title='bbox 661 961 735 1032; x_wconf 93' lang='lat' dir='ltr'>quod</span> <span class='ocrx_word' id='word_1_44' title='bbox 746 970 841 1017; x_wconf 85' lang='lat' dir='ltr'>eontra</span> <span class='ocrx_word' id='word_1_45' title='bbox 857 977 886 1016; x_wconf 91' lang='lat' dir='ltr'>se</span> <span class='ocrx_word' id='word_1_46' title='bbox 902 960 1039 1016; x_wconf 89' lang='lat' dir='ltr'>munitum</span> <span class='ocrx_word' id='word_1_47' title='bbox 1054 960 1132 1015; x_wconf 90' lang='lat' dir='ltr'>inve·</span> <span class='ocrx_word' id='word_1_48' title='bbox 1184 954 1479 1026; x_wconf 77' lang='lat' dir='ltr'>lortisdirigensaciem</span> <span class='ocrx_word' id='word_1_49' title='bbox 1486 973 1582 1013; x_wconf 85' lang='lat' dir='ltr'>versus</span> <span class='ocrx_word' id='word_1_50' title='bbox 1590 956 1751 1022; x_wconf 81' lang='lat' dir='ltr'>Fuxum,ibi</span> <span class='ocrx_word' id='word_1_51' title='bbox 1758 959 1973 1016; x_wconf 81' lang='lat' dir='ltr'>ostenditmira·</span> 
     </span>
     <span class='ocr_line' id='line_1_6' title="bbox 340 1046 1970 1122; baseline 0 -14"><span class='ocrx_word' id='word_1_52' title='bbox 340 1054 459 1120; x_wconf 85' lang='lat' dir='ltr'>nieutcs,</span> <span class='ocrx_word' id='word_1_53' title='bbox 472 1053 652 1119; x_wconf 89' lang='lat' dir='ltr'>obsederunt,</span> <span class='ocrx_word' id='word_1_54' title='bbox 665 1064 691 1107; x_wconf 91' lang='lat' dir='ltr'>et</span> <span class='ocrx_word' id='word_1_55' title='bbox 706 1051 776 1107; x_wconf 83' lang='lat' dir='ltr'>inira</span> <span class='ocrx_word' id='word_1_56' title='bbox 788 1052 909 1108; x_wconf 88' lang='lat' dir='ltr'>triduum</span> <span class='ocrx_word' id='word_1_57' title='bbox 926 1060 1058 1122; x_wconf 87' lang='lat' dir='ltr'>ceperunt</span> <span class='ocrx_word' id='word_1_58' title='bbox 1072 1051 1133 1107; x_wconf 90' lang='lat' dir='ltr'>sine</span> <span class='ocrx_word' id='word_1_59' title='bbox 1182 1046 1263 1100; x_wconf 80' lang='lat' dir='ltr'>bilem</span> <span class='ocrx_word' id='word_1_60' title='bbox 1277 1046 1451 1116; x_wconf 82' lang='lat' dir='ltr'>probitatem,</span> <span class='ocrx_word' id='word_1_61' title='bbox 1467 1048 1578 1104; x_wconf 73' lang='lat' dir='ltr'>veniens</span> <span class='ocrx_word' id='word_1_62' title='bbox 1589 1049 1723 1120; x_wconf 77' lang='lat' dir='ltr'>siquidem</span> <span class='ocrx_word' id='word_1_63' title='bbox 1738 1067 1823 1122; x_wconf 89' lang='lat' dir='ltr'>prope</span> <span class='ocrx_word' id='word_1_64' title='bbox 1833 1062 1970 1121; x_wconf 79' lang='lat' dir='ltr'>castrum,</span> 
     </span>
     <span class='ocr_line' id='line_1_7' title="bbox 339 1139 1972 1219; baseline 0 -17"><span class='ocrx_word' id='word_1_65' title='bbox 339 1147 476 1204; x_wconf 88' lang='lat' dir='ltr'>machinis</span> <span class='ocrx_word' id='word_1_66' title='bbox 505 1164 554 1219; x_wconf 87' lang='lat' dir='ltr'>per</span> <span class='ocrx_word' id='word_1_67' title='bbox 581 1146 725 1213; x_wconf 72' lang='lat' dir='ltr'>insciliam,</span> <span class='ocrx_word' id='word_1_68' title='bbox 744 1146 904 1202; x_wconf 89' lang='lat' dir='ltr'>bominibus</span> <span class='ocrx_word' id='word_1_69' title='bbox 933 1153 1024 1202; x_wconf 90' lang='lat' dir='ltr'>autem</span> <span class='ocrx_word' id='word_1_70' title='bbox 1048 1144 1131 1200; x_wconf 90' lang='lat' dir='ltr'>castri</span> <span class='ocrx_word' id='word_1_71' title='bbox 1183 1153 1279 1193; x_wconf 79' lang='lat' dir='ltr'>otrrnes</span> <span class='ocrx_word' id='word_1_72' title='bbox 1304 1139 1476 1197; x_wconf 78' lang='lat' dir='ltr'>adversarios</span> <span class='ocrx_word' id='word_1_73' title='bbox 1499 1143 1546 1213; x_wconf 87' lang='lat' dir='ltr'>qui</span> <span class='ocrx_word' id='word_1_74' title='bbox 1570 1158 1620 1214; x_wconf 95' lang='lat' dir='ltr'>pro</span> <span class='ocrx_word' id='word_1_75' title='bbox 1640 1142 1746 1202; x_wconf 84' lang='lat' dir='ltr'>loribus</span> <span class='ocrx_word' id='word_1_76' title='bbox 1770 1148 1882 1202; x_wconf 90' lang='lat' dir='ltr'>stabant</span> <span class='ocrx_word' id='word_1_77' title='bbox 1905 1153 1972 1203; x_wconf 76' lang='lat' dir='ltr'>cuit</span> 
     </span>
     <span class='ocr_line' id='line_1_8' title="bbox 340 1231 1973 1310; baseline -0.002 -16"><span class='ocrx_word' id='word_1_78' title='bbox 340 1238 414 1295; x_wconf 90' lang='lat' dir='ltr'>illius</span> <span class='ocrx_word' id='word_1_79' title='bbox 427 1239 572 1310; x_wconf 80' lang='lat' dir='ltr'>plusquam</span> <span class='ocrx_word' id='word_1_80' title='bbox 589 1247 700 1293; x_wconf 89' lang='lat' dir='ltr'>eentum</span> <span class='ocrx_word' id='word_1_81' title='bbox 713 1239 809 1294; x_wconf 92' lang='lat' dir='ltr'>oculos</span> <span class='ocrx_word' id='word_1_82' title='bbox 822 1248 964 1304; x_wconf 81' lang='lat' dir='ltr'>creuerunt,</span> <span class='ocrx_word' id='word_1_83' title='bbox 980 1253 1063 1294; x_wconf 90' lang='lat' dir='ltr'>nasos</span> <span class='ocrx_word' id='word_1_84' title='bbox 1077 1253 1134 1292; x_wconf 87' lang='lat' dir='ltr'>am·</span> <span class='ocrx_word' id='word_1_85' title='bbox 1184 1232 1266 1286; x_wconf 88' lang='lat' dir='ltr'>unico</span> <span class='ocrx_word' id='word_1_86' title='bbox 1282 1231 1371 1287; x_wconf 81' lang='lat' dir='ltr'>milite</span> <span class='ocrx_word' id='word_1_87' title='bbox 1387 1232 1514 1303; x_wconf 85' lang='lat' dir='ltr'>impetiit,</span> <span class='ocrx_word' id='word_1_88' title='bbox 1533 1241 1569 1301; x_wconf 90' lang='lat' dir='ltr'>ct,</span> <span class='ocrx_word' id='word_1_89' title='bbox 1592 1236 1665 1306; x_wconf 91' lang='lat' dir='ltr'>quod</span> <span class='ocrx_word' id='word_1_90' title='bbox 1681 1237 1780 1292; x_wconf 91' lang='lat' dir='ltr'>mirum</span> <span class='ocrx_word' id='word_1_91' title='bbox 1804 1247 1856 1305; x_wconf 89' lang='lat' dir='ltr'>est,</span> <span class='ocrx_word' id='word_1_92' title='bbox 1873 1251 1973 1293; x_wconf 89' lang='lat' dir='ltr'>omnes</span> 
     </span>
    </p>
   </div>
   <div class='ocr_carea' id='block_1_3' title="bbox 1918 565 1972 622">
    <p class='ocr_par' dir='ltr' id='par_1_3' title="bbox 1918 565 1972 622">
     <span class='ocr_line' id='line_1_9' title="bbox 1918 565 1972 622; baseline 0 0"><span class='ocrx_word' id='word_1_93' title='bbox 1918 565 1972 622; x_wconf 74' lang='lat' dir='ltr'>stt</span> 
     </span>
    </p>
   </div>
   <div class='ocr_carea' id='block_1_4' title="bbox 340 1319 1976 2166">
    <p class='ocr_par' dir='ltr' id='par_1_4' title="bbox 340 1319 1976 2047">
     <span class='ocr_line' id='line_1_10' title="bbox 341 1319 1976 1401; baseline 0.004 -25"><span class='ocrx_word' id='word_1_94' title='bbox 341 1339 517 1401; x_wconf 69' lang='lat' dir='ltr'>putaverunt,</span> <span class='ocrx_word' id='word_1_95' title='bbox 541 1331 710 1385; x_wconf 75' lang='lat' dir='ltr'>dimittentes</span> <span class='ocrx_word' id='word_1_96' title='bbox 732 1331 779 1385; x_wconf 83' lang='lat' dir='ltr'>uni</span> <span class='ocrx_word' id='word_1_97' title='bbox 791 1345 886 1385; x_wconf 78' lang='lat' dir='ltr'>eorum</span> <span class='ocrx_word' id='word_1_98' title='bbox 913 1345 997 1385; x_wconf 75' lang='lat' dir='ltr'>{unum</span> <span class='ocrx_word' id='word_1_99' title='bbox 1021 1331 1132 1386; x_wconf 77' lang='lat' dir='ltr'>oculum</span> <span class='ocrx_word' id='word_1_100' title='bbox 1183 1322 1402 1394; x_wconf 90' lang='lat' dir='ltr'>intromisit,qui</span> <span class='ocrx_word' id='word_1_101' title='bbox 1418 1325 1499 1381; x_wconf 79' lang='lat' dir='ltr'>elilim</span> <span class='ocrx_word' id='word_1_102' title='bbox 1516 1336 1578 1397; x_wconf 84' lang='lat' dir='ltr'>posi</span> <span class='ocrx_word' id='word_1_103' title='bbox 1588 1327 1664 1399; x_wconf 78' lang='lat' dir='ltr'>ipsos</span> <span class='ocrx_word' id='word_1_104' title='bbox 1679 1328 1821 1394; x_wconf 88' lang='lat' dir='ltr'>intrasset,</span> <span class='ocrx_word' id='word_1_105' title='bbox 1836 1319 1891 1386; x_wconf 77' lang='lat' dir='ltr'>nisi</span> <span class='ocrx_word' id='word_1_106' title='bbox 1902 1344 1976 1400; x_wconf 71' lang='lat' dir='ltr'>poll-¹</span> 
     </span>
     <span class='ocr_line' id='line_1_11' title="bbox 340 1415 1972 1493; baseline 0 -16"><span class='ocrx_word' id='word_1_107' title='bbox 340 1423 411 1477; x_wconf 91' lang='lat' dir='ltr'>utin</span> <span class='ocrx_word' id='word_1_108' title='bbox 438 1423 840 1493; x_wconf 70' lang='lat' dir='ltr'>sugillationcru‘inimicorum</span> <span class='ocrx_word' id='word_1_109' title='bbox 856 1431 1014 1478; x_wconf 90' lang='lat' dir='ltr'>nostrorum</span> <span class='ocrx_word' id='word_1_110' title='bbox 1036 1436 1133 1478; x_wconf 88' lang='lat' dir='ltr'>omncs</span> <span class='ocrx_word' id='word_1_111' title='bbox 1184 1424 1238 1470; x_wconf 72' lang='lat' dir='ltr'>lem</span> <span class='ocrx_word' id='word_1_112' title='bbox 1254 1415 1336 1471; x_wconf 65' lang='lat' dir='ltr'>casiri</span> <span class='ocrx_word' id='word_1_113' title='bbox 1352 1425 1415 1472; x_wconf 69' lang='lat' dir='ltr'>ente</span> <span class='ocrx_word' id='word_1_114' title='bbox 1434 1417 1531 1473; x_wconf 74' lang='lat' dir='ltr'>faciem</span> <span class='ocrx_word' id='word_1_115' title='bbox 1552 1419 1612 1491; x_wconf 84' lang='lat' dir='ltr'>ejus</span> <span class='ocrx_word' id='word_1_116' title='bbox 1633 1420 1807 1476; x_wconf 80' lang='lat' dir='ltr'>clausissem.</span> <span class='ocrx_word' id='word_1_117' title='bbox 1830 1419 1885 1476; x_wconf 90' lang='lat' dir='ltr'>Sed</span> <span class='ocrx_word' id='word_1_118' title='bbox 1906 1437 1972 1477; x_wconf 82' lang='lat' dir='ltr'>curu</span> 
     </span>
     <span class='ocr_line' id='line_1_12' title="bbox 340 1508 1975 1585; baseline 0.002 -16"><span class='ocrx_word' id='word_1_119' title='bbox 340 1514 408 1571; x_wconf 88' lang='lat' dir='ltr'>alios</span> <span class='ocrx_word' id='word_1_120' title='bbox 423 1515 538 1570; x_wconf 89' lang='lat' dir='ltr'>duceret</span> <span class='ocrx_word' id='word_1_121' title='bbox 553 1513 730 1571; x_wconf 76' lang='lat' dir='ltr'>cabaretum.</span> <span class='ocrx_word' id='word_1_122' title='bbox 751 1511 810 1570; x_wconf 91' lang='lat' dir='ltr'>lloe</span> <span class='ocrx_word' id='word_1_123' title='bbox 828 1524 919 1569; x_wconf 89' lang='lat' dir='ltr'>autem</span> <span class='ocrx_word' id='word_1_124' title='bbox 939 1515 997 1569; x_wconf 88' lang='lat' dir='ltr'>beri</span> <span class='ocrx_word' id='word_1_125' title='bbox 1009 1510 1073 1569; x_wconf 91' lang='lat' dir='ltr'>lecit</span> <span class='ocrx_word' id='word_1_126' title='bbox 1086 1528 1133 1569; x_wconf 92' lang='lat' dir='ltr'>co·</span> <span class='ocrx_word' id='word_1_127' title='bbox 1183 1509 1286 1564; x_wconf 85' lang='lat' dir='ltr'>rediret</span> <span class='ocrx_word' id='word_1_128' title='bbox 1295 1508 1330 1564; x_wconf 92' lang='lat' dir='ltr'>de</span> <span class='ocrx_word' id='word_1_129' title='bbox 1342 1518 1434 1564; x_wconf 86' lang='lat' dir='ltr'>castro</span> <span class='ocrx_word' id='word_1_130' title='bbox 1452 1526 1557 1581; x_wconf 88' lang='lat' dir='ltr'>eomes,</span> <span class='ocrx_word' id='word_1_131' title='bbox 1569 1515 1684 1570; x_wconf 89' lang='lat' dir='ltr'>militem</span> <span class='ocrx_word' id='word_1_132' title='bbox 1701 1515 1747 1585; x_wconf 91' lang='lat' dir='ltr'>qui</span> <span class='ocrx_word' id='word_1_133' title='bbox 1772 1530 1834 1570; x_wconf 85' lang='lat' dir='ltr'>eum</span> <span class='ocrx_word' id='word_1_134' title='bbox 1858 1525 1975 1572; x_wconf 82' lang='lat' dir='ltr'>secutus</span> 
     </span>
     <span class='ocr_line' id='line_1_13' title="bbox 343 1599 1976 1679; baseline 0.001 -19"><span class='ocrx_word' id='word_1_135' title='bbox 343 1622 413 1672; x_wconf 85' lang='lat' dir='ltr'>ines,</span> <span class='ocrx_word' id='word_1_136' title='bbox 432 1623 487 1662; x_wconf 91' lang='lat' dir='ltr'>non</span> <span class='ocrx_word' id='word_1_137' title='bbox 501 1608 566 1677; x_wconf 89' lang='lat' dir='ltr'>qnia</span> <span class='ocrx_word' id='word_1_138' title='bbox 586 1608 707 1679; x_wconf 75' lang='lat' dir='ltr'>placeret</span> <span class='ocrx_word' id='word_1_139' title='bbox 721 1606 745 1661; x_wconf 90' lang='lat' dir='ltr'>ei</span> <span class='ocrx_word' id='word_1_140' title='bbox 762 1605 826 1661; x_wconf 90' lang='lat' dir='ltr'>talis</span> <span class='ocrx_word' id='word_1_141' title='bbox 848 1604 1021 1661; x_wconf 75' lang='lat' dir='ltr'>detruncatio</span> <span class='ocrx_word' id='word_1_142' title='bbox 1044 1620 1132 1659; x_wconf 90' lang='lat' dir='ltr'>mem·</span> <span class='ocrx_word' id='word_1_143' title='bbox 1184 1599 1274 1657; x_wconf 86' lang='lat' dir='ltr'>luerat</span> <span class='ocrx_word' id='word_1_144' title='bbox 1302 1602 1340 1658; x_wconf 88' lang='lat' dir='ltr'>illi</span> <span class='ocrx_word' id='word_1_145' title='bbox 1370 1604 1403 1659; x_wconf 89' lang='lat' dir='ltr'>de</span> <span class='ocrx_word' id='word_1_146' title='bbox 1427 1613 1520 1661; x_wconf 91' lang='lat' dir='ltr'>castro</span> <span class='ocrx_word' id='word_1_147' title='bbox 1547 1606 1596 1677; x_wconf 91' lang='lat' dir='ltr'>qui</span> <span class='ocrx_word' id='word_1_148' title='bbox 1624 1606 1744 1677; x_wconf 91' lang='lat' dir='ltr'>undique</span> <span class='ocrx_word' id='word_1_149' title='bbox 1768 1620 1853 1676; x_wconf 88' lang='lat' dir='ltr'>super</span> <span class='ocrx_word' id='word_1_150' title='bbox 1874 1622 1976 1662; x_wconf 83' lang='lat' dir='ltr'>urums</span> 
     </span>
     <span class='ocr_line' id='line_1_14' title="bbox 340 1697 1973 1771; baseline 0.001 -18"><span class='ocrx_word' id='word_1_151' title='bbox 340 1699 452 1753; x_wconf 90' lang='lat' dir='ltr'>brorum</span> <span class='ocrx_word' id='word_1_152' title='bbox 477 1700 636 1755; x_wconf 89' lang='lat' dir='ltr'>bominibus</span> <span class='ocrx_word' id='word_1_153' title='bbox 663 1701 747 1767; x_wconf 87' lang='lat' dir='ltr'>illata,</span> <span class='ocrx_word' id='word_1_154' title='bbox 767 1701 814 1755; x_wconf 91' lang='lat' dir='ltr'>sed</span> <span class='ocrx_word' id='word_1_155' title='bbox 830 1699 896 1770; x_wconf 90' lang='lat' dir='ltr'>quia</span> <span class='ocrx_word' id='word_1_156' title='bbox 921 1697 1071 1752; x_wconf 87' lang='lat' dir='ltr'>adversarii</span> <span class='ocrx_word' id='word_1_157' title='bbox 1087 1698 1132 1752; x_wconf 87' lang='lat' dir='ltr'>sui</span> <span class='ocrx_word' id='word_1_158' title='bbox 1183 1705 1272 1766; x_wconf 89' lang='lat' dir='ltr'>erant,</span> <span class='ocrx_word' id='word_1_159' title='bbox 1288 1698 1423 1769; x_wconf 80' lang='lat' dir='ltr'>lapidibus</span> <span class='ocrx_word' id='word_1_160' title='bbox 1442 1700 1603 1767; x_wconf 90' lang='lat' dir='ltr'>obruerunt,</span> <span class='ocrx_word' id='word_1_161' title='bbox 1619 1710 1734 1771; x_wconf 72' lang='lat' dir='ltr'>angusta</span> <span class='ocrx_word' id='word_1_162' title='bbox 1755 1699 1892 1770; x_wconf 86' lang='lat' dir='ltr'>siquidem</span> <span class='ocrx_word' id='word_1_163' title='bbox 1912 1708 1973 1754; x_wconf 82' lang='lat' dir='ltr'>erat</span> 
     </span>
     <span class='ocr_line' id='line_1_15' title="bbox 341 1788 1973 1865; baseline 0.001 -19"><span class='ocrx_word' id='word_1_164' title='bbox 341 1792 394 1847; x_wconf 92' lang='lat' dir='ltr'>boc</span> <span class='ocrx_word' id='word_1_165' title='bbox 407 1792 588 1862; x_wconf 77' lang='lat' dir='ltr'>incoepe1ant3</span> <span class='ocrx_word' id='word_1_166' title='bbox 606 1799 634 1847; x_wconf 89' lang='lat' dir='ltr'>et</span> <span class='ocrx_word' id='word_1_167' title='bbox 649 1805 832 1862; x_wconf 89' lang='lat' dir='ltr'>quoscunque</span> <span class='ocrx_word' id='word_1_168' title='bbox 845 1790 879 1844; x_wconf 91' lang='lat' dir='ltr'>de</span> <span class='ocrx_word' id='word_1_169' title='bbox 894 1789 997 1844; x_wconf 89' lang='lat' dir='ltr'>uostris</span> <span class='ocrx_word' id='word_1_170' title='bbox 1012 1788 1134 1845; x_wconf 90' lang='lat' dir='ltr'>invenire</span> <span class='ocrx_word' id='word_1_171' title='bbox 1183 1789 1226 1843; x_wconf 86' lang='lat' dir='ltr'>via</span> <span class='ocrx_word' id='word_1_172' title='bbox 1249 1798 1275 1845; x_wconf 93' lang='lat' dir='ltr'>et</span> <span class='ocrx_word' id='word_1_173' title='bbox 1291 1793 1379 1849; x_wconf 89' lang='lat' dir='ltr'>muris</span> <span class='ocrx_word' id='word_1_174' title='bbox 1403 1794 1525 1865; x_wconf 90' lang='lat' dir='ltr'>undique</span> <span class='ocrx_word' id='word_1_175' title='bbox 1546 1793 1740 1856; x_wconf 90' lang='lat' dir='ltr'>circumclusa,</span> <span class='ocrx_word' id='word_1_176' title='bbox 1766 1792 1973 1862; x_wconf 76' lang='lat' dir='ltr'>destructisque</span> 
     </span>
     <span class='ocr_line' id='line_1_16' title="bbox 342 1881 1973 1956; baseline 0.001 -17"><span class='ocrx_word' id='word_1_177' title='bbox 342 1893 480 1955; x_wconf 87' lang='lat' dir='ltr'>poterant,</span> <span class='ocrx_word' id='word_1_178' title='bbox 492 1886 677 1940; x_wconf 90' lang='lat' dir='ltr'>membrorum</span> <span class='ocrx_word' id='word_1_179' title='bbox 689 1883 907 1950; x_wconf 89' lang='lat' dir='ltr'>detruncatione,</span> <span class='ocrx_word' id='word_1_180' title='bbox 917 1881 1059 1938; x_wconf 85' lang='lat' dir='ltr'>car-nibccs</span> <span class='ocrx_word' id='word_1_181' title='bbox 1070 1899 1134 1937; x_wconf 86' lang='lat' dir='ltr'>eru·</span> <span class='ocrx_word' id='word_1_182' title='bbox 1184 1881 1277 1947; x_wconf 87' lang='lat' dir='ltr'>terris,</span> <span class='ocrx_word' id='word_1_183' title='bbox 1294 1885 1382 1941; x_wconf 90' lang='lat' dir='ltr'>vincis</span> <span class='ocrx_word' id='word_1_184' title='bbox 1403 1895 1431 1940; x_wconf 89' lang='lat' dir='ltr'>et</span> <span class='ocrx_word' id='word_1_185' title='bbox 1453 1885 1598 1943; x_wconf 79' lang='lat' dir='ltr'>arboribus</span> <span class='ocrx_word' id='word_1_186' title='bbox 1623 1900 1707 1956; x_wconf 88' lang='lat' dir='ltr'>prope</span> <span class='ocrx_word' id='word_1_187' title='bbox 1732 1883 1853 1955; x_wconf 79' lang='lat' dir='ltr'>Forum,</span> <span class='ocrx_word' id='word_1_188' title='bbox 1878 1900 1973 1942; x_wconf 75' lang='lat' dir='ltr'>conces</span> 
     </span>
     <span class='ocr_line' id='line_1_17' title="bbox 341 1975 1600 2047; baseline 0 -15"><span class='ocrx_word' id='word_1_189' title='bbox 341 1977 472 2032; x_wconf 87' lang='lat' dir='ltr'>deiissimi</span> <span class='ocrx_word' id='word_1_190' title='bbox 490 1977 681 2032; x_wconf 86' lang='lat' dir='ltr'>trucidabant:</span> <span class='ocrx_word' id='word_1_191' title='bbox 695 1976 800 2047; x_wconf 82' lang='lat' dir='ltr'>justum</span> <span class='ocrx_word' id='word_1_192' title='bbox 813 1976 886 2031; x_wconf 85' lang='lat' dir='ltr'>enim</span> <span class='ocrx_word' id='word_1_193' title='bbox 906 1985 966 2032; x_wconf 91' lang='lat' dir='ltr'>erat</span> <span class='ocrx_word' id='word_1_194' title='bbox 984 1988 1025 2043; x_wconf 91' lang='lat' dir='ltr'>ut,</span> <span class='ocrx_word' id='word_1_195' title='bbox 1047 1977 1074 2031; x_wconf 92' lang='lat' dir='ltr'>in</span> <span class='ocrx_word' id='word_1_196' title='bbox 1089 1976 1138 2032; x_wconf 64' lang='lat' dir='ltr'>lc:</span> <span class='ocrx_word' id='word_1_197' title='bbox 1184 1982 1278 2030; x_wconf 90' lang='lat' dir='ltr'>noster</span> <span class='ocrx_word' id='word_1_198' title='bbox 1293 1975 1374 2032; x_wconf 90' lang='lat' dir='ltr'>rediit</span> <span class='ocrx_word' id='word_1_199' title='bbox 1388 1976 1600 2034; x_wconf 80' lang='lat' dir='ltr'>carcassonam.</span> 
     </span>
    </p>

    <p class='ocr_par' dir='ltr' id='par_1_5' title="bbox 340 2051 1701 2166">
     <span class='ocr_line' id='line_1_18' title="bbox 340 2051 1701 2166; baseline 0.001 -43"><span class='ocrx_word' id='word_1_200' title='bbox 340 2083 417 2124; x_wconf 87' lang='lat' dir='ltr'>ream</span> <span class='ocrx_word' id='word_1_201' title='bbox 441 2069 591 2125; x_wconf 78' lang='lat' dir='ltr'>incidentes</span> <span class='ocrx_word' id='word_1_202' title='bbox 611 2085 694 2141; x_wconf 89' lang='lat' dir='ltr'>qnam</span> <span class='ocrx_word' id='word_1_203' title='bbox 713 2068 839 2124; x_wconf 78' lang='lat' dir='ltr'>foderant</span> <span class='ocrx_word' id='word_1_204' title='bbox 862 2067 949 2138; x_wconf 83' lang='lat' dir='ltr'>(Paul.</span> <span class='ocrx_word' id='word_1_205' title='bbox 978 2071 1039 2138; x_wconf 84' lang='lat' dir='ltr'>vn),</span> <span class='ocrx_word' id='word_1_206' title='bbox 1052 2051 1166 2125; x_wconf 78' lang='lat' dir='ltr'>bibe-¹³</span> <span class='ocrx_word' id='word_1_207' title='bbox 1447 2056 1562 2166; x_wconf 43' lang='lat' dir='ltr'>CAPUT</span> <span class='ocrx_word' id='word_1_208' title='bbox 1579 2108 1701 2165; x_wconf 63' lang='lat' dir='ltr'>xxm</span> 
     </span>
    </p>
   </div>
   <div class='ocr_carea' id='block_1_5' title="bbox 340 2160 1975 2368">
    <p class='ocr_par' dir='ltr' id='par_1_6' title="bbox 340 2160 1975 2368">
     <span class='ocr_line' id='line_1_19' title="bbox 340 2160 1975 2238; baseline 0.002 -21"><span class='ocrx_word' id='word_1_209' title='bbox 340 2171 403 2218; x_wconf 90' lang='lat' dir='ltr'>rent</span> <span class='ocrx_word' id='word_1_210' title='bbox 424 2162 785 2233; x_wconf 90' lang='lat' dir='ltr'>aliquandoealicemquem</span> <span class='ocrx_word' id='word_1_211' title='bbox 804 2160 1131 2232; x_wconf 68' lang='lat' dir='ltr'>aliissaepissirnepropb</span> <span class='ocrx_word' id='word_1_212' title='bbox 1269 2222 1303 2236; x_wconf 46' lang='grc' dir='ltr'>Η</span> <span class='ocrx_word' id='word_1_213' title='bbox 1607 2227 1641 2238; x_wconf 42' lang='grc' dir='ltr'>Η</span> <span class='ocrx_word' id='word_1_214' title='bbox 1750 2225 1756 2237; x_wconf 53' lang='grc'><strong>,</strong></span> <span class='ocrx_word' id='word_1_215' title='bbox 1824 2223 1832 2234; x_wconf 70' lang='grc'>,</span> <span class='ocrx_word' id='word_1_216' title='bbox 1972 2214 1975 2220; x_wconf 92' lang='grc'>.</span> 
     </span>
     <span class='ocr_line' id='line_1_20' title="bbox 341 2219 1973 2368; baseline 0.003 -57"><span class='ocrx_word' id='word_1_217' title='bbox 341 2265 447 2312; x_wconf 87' lang='lat' dir='ltr'>nerent.</span> <span class='ocrx_word' id='word_1_218' title='bbox 469 2253 616 2328; x_wconf 72' lang='lat' dir='ltr'>bursonam</span> <span class='ocrx_word' id='word_1_219' title='bbox 638 2257 711 2312; x_wconf 88' lang='lat' dir='ltr'>eniru</span> <span class='ocrx_word' id='word_1_220' title='bbox 725 2255 912 2311; x_wconf 85' lang='lat' dir='ltr'>delectabatur</span> <span class='ocrx_word' id='word_1_221' title='bbox 925 2255 1025 2312; x_wconf 89' lang='lat' dir='ltr'>nobilis</span> <span class='ocrx_word' id='word_1_222' title='bbox 1037 2270 1131 2313; x_wconf 90' lang='lat' dir='ltr'>comes</span> <span class='ocrx_word' id='word_1_223' title='bbox 1183 2219 1302 2277; x_wconf 66' lang='lat' dir='ltr'>Hm&#39;m</span> <span class='ocrx_word' id='word_1_224' title='bbox 1313 2223 1480 2297; x_wconf 57' lang='lat' dir='ltr'>mmm</span> <span class='ocrx_word' id='word_1_225' title='bbox 1492 2225 1755 2368; x_wconf 41' lang='lat' dir='ltr'>{mxl-“pmii‘&#39;</span> <span class='ocrx_word' id='word_1_226' title='bbox 1769 2222 1973 2295; x_wconf 46' lang='lat' dir='ltr'><strong><em>mmmmm</em></strong></span> 
     </span>
    </p>
   </div>
   <div class='ocr_carea' id='block_1_6' title="bbox 340 2346 1131 2607">
    <p class='ocr_par' dir='ltr' id='par_1_7' title="bbox 340 2346 1131 2607">
     <span class='ocr_line' id='line_1_21' title="bbox 340 2346 1130 2419; baseline -0.001 -17"><span class='ocrx_word' id='word_1_227' title='bbox 340 2347 432 2419; x_wconf 90' lang='lat' dir='ltr'>aliqua</span> <span class='ocrx_word' id='word_1_228' title='bbox 449 2348 620 2415; x_wconf 89' lang='lat' dir='ltr'>crudelitate,</span> <span class='ocrx_word' id='word_1_229' title='bbox 630 2349 672 2403; x_wconf 87' lang='lat' dir='ltr'>vel</span> <span class='ocrx_word' id='word_1_230' title='bbox 685 2347 854 2403; x_wconf 90' lang='lat' dir='ltr'>cruciatibus</span> <span class='ocrx_word' id='word_1_231' title='bbox 869 2346 1130 2417; x_wconf 78' lang='lat' dir='ltr'>alicuius,omnium</span> 
     </span>
     <span class='ocr_line' id='line_1_22' title="bbox 340 2437 1131 2512; baseline -0.005 -16"><span class='ocrx_word' id='word_1_232' title='bbox 340 2439 475 2510; x_wconf 87' lang='lat' dir='ltr'>siquidem</span> <span class='ocrx_word' id='word_1_233' title='bbox 492 2440 659 2497; x_wconf 89' lang='lat' dir='ltr'>mitissimus</span> <span class='ocrx_word' id='word_1_234' title='bbox 672 2448 732 2494; x_wconf 89' lang='lat' dir='ltr'>erat</span> <span class='ocrx_word' id='word_1_235' title='bbox 747 2458 754 2494; x_wconf 78' lang='lat' dir='ltr'>r</span> <span class='ocrx_word' id='word_1_236' title='bbox 771 2438 839 2495; x_wconf 91' lang='lat' dir='ltr'>lllud</span> <span class='ocrx_word' id='word_1_237' title='bbox 854 2439 990 2512; x_wconf 88' lang='lat' dir='ltr'>poeticum</span> <span class='ocrx_word' id='word_1_238' title='bbox 1002 2438 1027 2494; x_wconf 92' lang='lat' dir='ltr'>ei</span> <span class='ocrx_word' id='word_1_239' title='bbox 1042 2437 1131 2495; x_wconf 87' lang='lat' dir='ltr'>nrani-</span> 
     </span>
     <span class='ocr_line' id='line_1_23' title="bbox 340 2531 687 2607; baseline 0.012 -21"><span class='ocrx_word' id='word_1_240' title='bbox 340 2531 488 2589; x_wconf 84' lang='lat' dir='ltr'>lcstissime</span> <span class='ocrx_word' id='word_1_241' title='bbox 499 2533 668 2607; x_wconf 81' lang='lat' dir='ltr'>congruebat</span> <span class='ocrx_word' id='word_1_242' title='bbox 680 2552 687 2590; x_wconf 90' lang='lat'>:</span> 
     </span>
    </p>
   </div>
   <div class='ocr_carea' id='block_1_7' title="bbox 377 2625 1106 2862">
    <p class='ocr_par' dir='ltr' id='par_1_8' title="bbox 377 2625 1106 2862">
     <span class='ocr_line' id='line_1_24' title="bbox 377 2625 1106 2704; baseline 0.005 -23"><span class='ocrx_word' id='word_1_243' title='bbox 377 2625 430 2681; x_wconf 83' lang='lat' dir='ltr'>liic</span> <span class='ocrx_word' id='word_1_244' title='bbox 446 2628 520 2697; x_wconf 75' lang='lat' dir='ltr'>piper</span> <span class='ocrx_word' id='word_1_245' title='bbox 534 2629 569 2681; x_wconf 89' lang='lat' dir='ltr'>ud</span> <span class='ocrx_word' id='word_1_246' title='bbox 586 2644 676 2699; x_wconf 76' lang='lat' dir='ltr'>parrer</span> <span class='ocrx_word' id='word_1_247' title='bbox 691 2629 823 2704; x_wconf 78' lang='lat' dir='ltr'>princeps,</span> <span class='ocrx_word' id='word_1_248' title='bbox 837 2628 872 2682; x_wconf 89' lang='lat' dir='ltr'>ad</span> <span class='ocrx_word' id='word_1_249' title='bbox 885 2630 996 2699; x_wconf 85' lang='lat' dir='ltr'>proeruiu</span> <span class='ocrx_word' id='word_1_250' title='bbox 1008 2629 1081 2685; x_wconf 78' lang='lat' dir='ltr'>celos</span> <span class='ocrx_word' id='word_1_251' title='bbox 1097 2646 1106 2685; x_wconf 94' lang='lat'><em>:</em></span> 
     </span>
     <span class='ocr_line' id='line_1_25' title="bbox 405 2699 1005 2770; baseline 0.007 -18"><span class='ocrx_word' id='word_1_252' title='bbox 405 2699 507 2769; x_wconf 78' lang='lat' dir='ltr'>Quique</span> <span class='ocrx_word' id='word_1_253' title='bbox 522 2699 604 2767; x_wconf 87' lang='lat' dir='ltr'>dolet,</span> <span class='ocrx_word' id='word_1_254' title='bbox 622 2701 722 2770; x_wconf 78' lang='lat' dir='ltr'>quoties</span> <span class='ocrx_word' id='word_1_255' title='bbox 733 2700 837 2769; x_wconf 81' lang='lat' dir='ltr'>copitar</span> <span class='ocrx_word' id='word_1_256' title='bbox 851 2716 907 2755; x_wconf 83' lang='lat' dir='ltr'>erae</span> <span class='ocrx_word' id='word_1_257' title='bbox 921 2703 1005 2768; x_wconf 71' lang='lat' dir='ltr'>terea.</span> 
     </span>
     <span class='ocr_line' id='line_1_26' title="bbox 552 2768 1018 2862; baseline 0.006 -38"><span class='ocrx_word' id='word_1_258' title='bbox 552 2769 655 2841; x_wconf 79' lang='lat' dir='ltr'>(Ovum,</span> <span class='ocrx_word' id='word_1_259' title='bbox 665 2769 705 2825; x_wconf 83' lang='lat' dir='ltr'>ne</span> <span class='ocrx_word' id='word_1_260' title='bbox 721 2768 805 2823; x_wconf 85' lang='lat' dir='ltr'>Ponto</span> <span class='ocrx_word' id='word_1_261' title='bbox 820 2770 869 2825; x_wconf 88' lang='lat' dir='ltr'>lib.</span> <span class='ocrx_word' id='word_1_262' title='bbox 885 2786 905 2838; x_wconf 89' lang='grc' dir='ltr'>ι,</span> <span class='ocrx_word' id='word_1_263' title='bbox 920 2771 1018 2862; x_wconf 63' lang='lat' dir='ltr'>emi.)</span> 
     </span>
    </p>
   </div>
   <div class='ocr_carea' id='block_1_8' title="bbox 341 2902 1134 3539">
    <p class='ocr_par' dir='ltr' id='par_1_9' title="bbox 341 2902 1134 3539">
     <span class='ocr_line' id='line_1_27' title="bbox 341 2902 1133 2985; baseline 0.01 -25"><span class='ocrx_word' id='word_1_264' title='bbox 341 2902 384 2985; x_wconf 75' lang='lat' dir='ltr'>Er</span> <span class='ocrx_word' id='word_1_265' title='bbox 400 2913 466 2960; x_wconf 91' lang='lat' dir='ltr'>tunc</span> <span class='ocrx_word' id='word_1_266' title='bbox 480 2904 615 2962; x_wconf 85' lang='lat' dir='ltr'>Dominus</span> <span class='ocrx_word' id='word_1_267' title='bbox 636 2907 683 2979; x_wconf 93' lang='lat' dir='ltr'>qui</span> <span class='ocrx_word' id='word_1_268' title='bbox 704 2907 848 2963; x_wconf 88' lang='lat' dir='ltr'>videbatur</span> <span class='ocrx_word' id='word_1_269' title='bbox 868 2908 1067 2981; x_wconf 87' lang='lat' dir='ltr'>aliquantulum</span> <span class='ocrx_word' id='word_1_270' title='bbox 1083 2912 1133 2968; x_wconf 88' lang='lat' dir='ltr'>ob·</span> 
     </span>
     <span class='ocr_line' id='line_1_28' title="bbox 341 2996 1131 3072; baseline 0.011 -20"><span class='ocrx_word' id='word_1_271' title='bbox 341 2996 488 3064; x_wconf 85' lang='lat' dir='ltr'>dormisse,</span> <span class='ocrx_word' id='word_1_272' title='bbox 512 3012 626 3054; x_wconf 89' lang='lat' dir='ltr'>suorum</span> <span class='ocrx_word' id='word_1_273' title='bbox 645 3014 792 3069; x_wconf 74' lang='lat' dir='ltr'>resurgens</span> <span class='ocrx_word' id='word_1_274' title='bbox 807 2999 835 3055; x_wconf 90' lang='lat' dir='ltr'>in</span> <span class='ocrx_word' id='word_1_275' title='bbox 852 3002 1020 3072; x_wconf 77' lang='lat' dir='ltr'>adiutorium</span> <span class='ocrx_word' id='word_1_276' title='bbox 1039 3003 1131 3060; x_wconf 79' lang='lat' dir='ltr'>iamir-</span> 
     </span>
     <span class='ocr_line' id='line_1_29' title="bbox 341 3088 1132 3160; baseline 0.015 -15"><span class='ocrx_word' id='word_1_277' title='bbox 341 3090 442 3160; x_wconf 90' lang='lat' dir='ltr'>lorum,</span> <span class='ocrx_word' id='word_1_278' title='bbox 459 3088 634 3149; x_wconf 77' lang='lat' dir='ltr'>maurienna</span> <span class='ocrx_word' id='word_1_279' title='bbox 654 3090 744 3148; x_wconf 85' lang='lat' dir='ltr'>lacere</span> <span class='ocrx_word' id='word_1_280' title='bbox 761 3092 905 3151; x_wconf 89' lang='lat' dir='ltr'>uobiscum</span> <span class='ocrx_word' id='word_1_281' title='bbox 923 3096 1106 3154; x_wconf 77' lang='lat' dir='ltr'>manifestavit</span> <span class='ocrx_word' id='word_1_282' title='bbox 1124 3118 1132 3157; x_wconf 73' lang='lat' dir='ltr'>a</span> 
     </span>
     <span class='ocr_line' id='line_1_30' title="bbox 342 3181 1131 3256; baseline 0.013 -19"><span class='ocrx_word' id='word_1_283' title='bbox 342 3181 369 3238; x_wconf 90' lang='lat' dir='ltr'>in</span> <span class='ocrx_word' id='word_1_284' title='bbox 385 3183 460 3239; x_wconf 89' lang='lat' dir='ltr'>brevi</span> <span class='ocrx_word' id='word_1_285' title='bbox 474 3183 611 3255; x_wconf 89' lang='lat' dir='ltr'>siquidem</span> <span class='ocrx_word' id='word_1_286' title='bbox 623 3184 715 3254; x_wconf 89' lang='lat' dir='ltr'>spatio</span> <span class='ocrx_word' id='word_1_287' title='bbox 726 3192 813 3239; x_wconf 85' lang='lat' dir='ltr'>totum</span> <span class='ocrx_word' id='word_1_288' title='bbox 836 3188 1037 3256; x_wconf 82' lang='lat' dir='ltr'>acquisivimus</span> <span class='ocrx_word' id='word_1_289' title='bbox 1049 3192 1131 3247; x_wconf 89' lang='lat' dir='ltr'>terri·</span> 
     </span>
     <span class='ocr_line' id='line_1_31' title="bbox 342 3273 1134 3357; baseline 0.014 -27"><span class='ocrx_word' id='word_1_290' title='bbox 342 3276 441 3331; x_wconf 90' lang='lat' dir='ltr'>torium</span> <span class='ocrx_word' id='word_1_291' title='bbox 451 3273 635 3344; x_wconf 85' lang='lat' dir='ltr'>llinerbense,</span> <span class='ocrx_word' id='word_1_292' title='bbox 646 3286 746 3348; x_wconf 78' lang='lat' dir='ltr'>preter</span> <span class='ocrx_word' id='word_1_293' title='bbox 756 3277 843 3348; x_wconf 84' lang='lat' dir='ltr'>ipsam</span> <span class='ocrx_word' id='word_1_294' title='bbox 852 3279 1003 3339; x_wconf 86' lang='lat' dir='ltr'>liinerbam</span> <span class='ocrx_word' id='word_1_295' title='bbox 1014 3285 1134 3357; x_wconf 87' lang='lat' dir='ltr'>etquod-</span> 
     </span>
     <span class='ocr_line' id='line_1_32' title="bbox 341 3369 1132 3448; baseline 0.011 -23"><span class='ocrx_word' id='word_1_296' title='bbox 341 3369 405 3425; x_wconf 86' lang='lat' dir='ltr'>dam</span> <span class='ocrx_word' id='word_1_297' title='bbox 421 3378 544 3425; x_wconf 89' lang='lat' dir='ltr'>castrum</span> <span class='ocrx_word' id='word_1_298' title='bbox 564 3370 640 3442; x_wconf 90' lang='lat' dir='ltr'>quod</span> <span class='ocrx_word' id='word_1_299' title='bbox 653 3369 779 3428; x_wconf 77' lang='lat' dir='ltr'>ventilon</span> <span class='ocrx_word' id='word_1_300' title='bbox 789 3371 942 3430; x_wconf 90' lang='lat' dir='ltr'>dicebatur.</span> <span class='ocrx_word' id='word_1_301' title='bbox 957 3374 1078 3448; x_wconf 78' lang='lat' dir='ltr'>Corrtiqit</span> <span class='ocrx_word' id='word_1_302' title='bbox 1088 3376 1132 3434; x_wconf 89' lang='lat' dir='ltr'>die</span> 
     </span>
     <span class='ocr_line' id='line_1_33' title="bbox 341 3461 1132 3539; baseline 0.013 -22"><span class='ocrx_word' id='word_1_303' title='bbox 341 3461 473 3533; x_wconf 90' lang='lat' dir='ltr'>quodam,</span> <span class='ocrx_word' id='word_1_304' title='bbox 492 3478 577 3533; x_wconf 87' lang='lat' dir='ltr'>prope</span> <span class='ocrx_word' id='word_1_305' title='bbox 597 3462 774 3533; x_wconf 85' lang='lat' dir='ltr'>Cabaretura,</span> <span class='ocrx_word' id='word_1_306' title='bbox 804 3465 967 3522; x_wconf 89' lang='lat' dir='ltr'>miraculum</span> <span class='ocrx_word' id='word_1_307' title='bbox 989 3471 1061 3539; x_wconf 94' lang='lat' dir='ltr'>quod</span> <span class='ocrx_word' id='word_1_308' title='bbox 1078 3487 1132 3527; x_wconf 89' lang='lat' dir='ltr'>non</span> 
     </span>
    </p>
   </div>
   <div class='ocr_carea' id='block_1_9' title="bbox 343 3553 1194 3630">
    <p class='ocr_par' dir='ltr' id='par_1_10' title="bbox 343 3553 1194 3630">
     <span class='ocr_line' id='line_1_34' title="bbox 343 3553 1194 3630; baseline 0.014 -21"><span class='ocrx_word' id='word_1_309' title='bbox 343 3553 1135 3630; x_wconf 74' lang='lat' dir='ltr'>credimuspretermittendum.PeregrininostriaFran·</span> <span class='ocrx_word' id='word_1_310' title='bbox 1191 3610 1194 3614; x_wconf 28' lang='lat' dir='ltr'>a</span> 
     </span>
    </p>
   </div>
   <div class='ocr_carea' id='block_1_10' title="bbox 340 3649 1136 4281">
    <p class='ocr_par' dir='ltr' id='par_1_11' title="bbox 340 3649 1136 4281">
     <span class='ocr_line' id='line_1_35' title="bbox 341 3649 1135 3728; baseline 0.01 -23"><span class='ocrx_word' id='word_1_311' title='bbox 341 3649 383 3705; x_wconf 90' lang='lat' dir='ltr'>cia</span> <span class='ocrx_word' id='word_1_312' title='bbox 404 3659 556 3716; x_wconf 79' lang='lat' dir='ltr'>verterant;</span> <span class='ocrx_word' id='word_1_313' title='bbox 576 3649 610 3705; x_wconf 89' lang='lat' dir='ltr'>ad</span> <span class='ocrx_word' id='word_1_314' title='bbox 631 3660 799 3723; x_wconf 78' lang='lat' dir='ltr'>preceptum</span> <span class='ocrx_word' id='word_1_315' title='bbox 813 3652 924 3709; x_wconf 89' lang='lat' dir='ltr'>comitis</span> <span class='ocrx_word' id='word_1_316' title='bbox 946 3655 1135 3728; x_wconf 80' lang='lat' dir='ltr'>exstirpabant</span> 
     </span>
     <span class='ocr_line' id='line_1_36' title="bbox 341 3738 1133 3818; baseline 0.01 -24"><span class='ocrx_word' id='word_1_317' title='bbox 341 3741 439 3797; x_wconf 83' lang='lat' dir='ltr'>vineas</span> <span class='ocrx_word' id='word_1_318' title='bbox 454 3738 581 3796; x_wconf 89' lang='lat' dir='ltr'>Cabareti</span> <span class='ocrx_word' id='word_1_319' title='bbox 599 3755 607 3796; x_wconf 79' lang='lat' dir='ltr'>a</span> <span class='ocrx_word' id='word_1_320' title='bbox 627 3756 699 3797; x_wconf 91' lang='lat' dir='ltr'>uuus</span> <span class='ocrx_word' id='word_1_321' title='bbox 713 3752 806 3797; x_wconf 91' lang='lat' dir='ltr'>autem</span> <span class='ocrx_word' id='word_1_322' title='bbox 826 3757 860 3797; x_wconf 84' lang='lat' dir='ltr'>ex</span> <span class='ocrx_word' id='word_1_323' title='bbox 877 3742 1042 3800; x_wconf 88' lang='lat' dir='ltr'>adversariis</span> <span class='ocrx_word' id='word_1_324' title='bbox 1058 3746 1133 3818; x_wconf 81' lang='lat' dir='ltr'>jactu</span> 
     </span>
     <span class='ocr_line' id='line_1_37' title="bbox 340 3834 1132 3911; baseline 0.008 -22"><span class='ocrx_word' id='word_1_325' title='bbox 340 3834 448 3892; x_wconf 66' lang='lat' dir='ltr'>balista</span> <span class='ocrx_word' id='word_1_326' title='bbox 465 3836 592 3906; x_wconf 77' lang='lat' dir='ltr'>sagittam</span> <span class='ocrx_word' id='word_1_327' title='bbox 615 3834 643 3890; x_wconf 88' lang='lat' dir='ltr'>in</span> <span class='ocrx_word' id='word_1_328' title='bbox 667 3836 813 3907; x_wconf 87' lang='lat' dir='ltr'>quemdam</span> <span class='ocrx_word' id='word_1_329' title='bbox 837 3837 871 3893; x_wconf 86' lang='lat' dir='ltr'>de</span> <span class='ocrx_word' id='word_1_330' title='bbox 885 3838 987 3895; x_wconf 89' lang='lat' dir='ltr'>uostris</span> <span class='ocrx_word' id='word_1_331' title='bbox 1000 3838 1132 3911; x_wconf 82' lang='lat' dir='ltr'>dirigens,</span> 
     </span>
     <span class='ocr_line' id='line_1_38' title="bbox 341 3927 1134 4004; baseline 0.01 -22"><span class='ocrx_word' id='word_1_332' title='bbox 341 3927 477 3999; x_wconf 81' lang='lat' dir='ltr'>percussit</span> <span class='ocrx_word' id='word_1_333' title='bbox 501 3943 563 3982; x_wconf 90' lang='lat' dir='ltr'>eum</span> <span class='ocrx_word' id='word_1_334' title='bbox 591 3927 679 3984; x_wconf 75' lang='lat' dir='ltr'>aalide</span> <span class='ocrx_word' id='word_1_335' title='bbox 695 3930 723 3985; x_wconf 93' lang='lat' dir='ltr'>in</span> <span class='ocrx_word' id='word_1_336' title='bbox 748 3939 870 4000; x_wconf 85' lang='lat' dir='ltr'>pectore,</span> <span class='ocrx_word' id='word_1_337' title='bbox 895 3930 922 3984; x_wconf 90' lang='lat' dir='ltr'>in</span> <span class='ocrx_word' id='word_1_338' title='bbox 944 3931 1004 3988; x_wconf 91' lang='lat' dir='ltr'>loco</span> <span class='ocrx_word' id='word_1_339' title='bbox 1028 3932 1134 4004; x_wconf 89' lang='lat' dir='ltr'>inquo</span> 
     </span>
     <span class='ocr_line' id='line_1_39' title="bbox 342 4019 1134 4092; baseline 0.01 -17"><span class='ocrx_word' id='word_1_340' title='bbox 342 4020 433 4075; x_wconf 88' lang='lat' dir='ltr'>crucis</span> <span class='ocrx_word' id='word_1_341' title='bbox 449 4019 557 4091; x_wconf 76' lang='lat' dir='ltr'>siguum</span> <span class='ocrx_word' id='word_1_342' title='bbox 575 4019 685 4075; x_wconf 77' lang='lat' dir='ltr'>allisum</span> <span class='ocrx_word' id='word_1_343' title='bbox 701 4030 779 4090; x_wconf 89' lang='lat' dir='ltr'>erat,</span> <span class='ocrx_word' id='word_1_344' title='bbox 794 4022 955 4092; x_wconf 89' lang='lat' dir='ltr'>putantibus</span> <span class='ocrx_word' id='word_1_345' title='bbox 969 4034 1059 4080; x_wconf 91' lang='lat' dir='ltr'>autem</span> <span class='ocrx_word' id='word_1_346' title='bbox 1074 4042 1134 4083; x_wconf 91' lang='lat' dir='ltr'>om-</span> 
     </span>
     <span class='ocr_line' id='line_1_40' title="bbox 342 4097 1136 4186; baseline 0.014 -21"><span class='ocrx_word' id='word_1_347' title='bbox 342 4111 426 4165; x_wconf 90' lang='lat' dir='ltr'>nibus</span> <span class='ocrx_word' id='word_1_348' title='bbox 438 4111 512 4180; x_wconf 93' lang='lat' dir='ltr'>quod</span> <span class='ocrx_word' id='word_1_349' title='bbox 528 4122 656 4166; x_wconf 90' lang='lat' dir='ltr'>rnortuns</span> <span class='ocrx_word' id='word_1_350' title='bbox 670 4121 760 4179; x_wconf 88' lang='lat' dir='ltr'>esset;</span> <span class='ocrx_word' id='word_1_351' title='bbox 778 4115 923 4170; x_wconf 83' lang='lat' dir='ltr'>eratenim</span> <span class='ocrx_word' id='word_1_352' title='bbox 939 4097 1048 4186; x_wconf 81' lang='lat' dir='ltr'>penitus</span> <span class='ocrx_word' id='word_1_353' title='bbox 1060 4120 1136 4175; x_wconf 55' lang='lat' dir='ltr'>incr-⁴</span> 
     </span>
     <span class='ocr_line' id='line_1_41' title="bbox 341 4201 1134 4281; baseline 0.011 -23"><span class='ocrx_word' id='word_1_354' title='bbox 341 4203 405 4270; x_wconf 85' lang='lat' dir='ltr'>mis,</span> <span class='ocrx_word' id='word_1_355' title='bbox 422 4203 459 4257; x_wconf 92' lang='lat' dir='ltr'>ita</span> <span class='ocrx_word' id='word_1_356' title='bbox 483 4203 585 4258; x_wconf 86' lang='lat' dir='ltr'>illaesus</span> <span class='ocrx_word' id='word_1_357' title='bbox 609 4201 791 4261; x_wconf 89' lang='lat' dir='ltr'>inventuscst</span> <span class='ocrx_word' id='word_1_358' title='bbox 813 4207 886 4276; x_wconf 90' lang='lat' dir='ltr'>quod</span> <span class='ocrx_word' id='word_1_359' title='bbox 908 4207 951 4262; x_wconf 91' lang='lat' dir='ltr'>vix</span> <span class='ocrx_word' id='word_1_360' title='bbox 967 4209 1066 4281; x_wconf 77' lang='lat' dir='ltr'>sagitta</span> <span class='ocrx_word' id='word_1_361' title='bbox 1083 4228 1134 4268; x_wconf 90' lang='lat' dir='ltr'>nee</span> 
     </span>
    </p>
   </div>
   <div class='ocr_carea' id='block_1_11' title="bbox 340 4298 1226 4377">
    <p class='ocr_par' dir='ltr' id='par_1_12' title="bbox 340 4298 1226 4377">
     <span class='ocr_line' id='line_1_42' title="bbox 340 4298 1226 4377; baseline 0.018 -25"><span class='ocrx_word' id='word_1_362' title='bbox 340 4298 425 4353; x_wconf 89' lang='lat' dir='ltr'>etiam</span> <span class='ocrx_word' id='word_1_363' title='bbox 450 4298 675 4359; x_wconf 81' lang='lat' dir='ltr'>vestimentorum</span> <span class='ocrx_word' id='word_1_364' title='bbox 701 4299 761 4372; x_wconf 83' lang='lat' dir='ltr'>ejus</span> <span class='ocrx_word' id='word_1_365' title='bbox 788 4302 990 4373; x_wconf 88' lang='lat' dir='ltr'>aliquantulum</span> <span class='ocrx_word' id='word_1_366' title='bbox 1014 4309 1135 4377; x_wconf 90' lang='lat' dir='ltr'>potuerit</span> <span class='ocrx_word' id='word_1_367' title='bbox 1220 4355 1226 4368; x_wconf 93' lang='lat'>.</span> 
     </span>
    </p>
   </div>
   <div class='ocr_carea' id='block_1_12' title="bbox 327 4391 1136 4466">
    <p class='ocr_par' dir='ltr' id='par_1_13' title="bbox 327 4391 1136 4466">
     <span class='ocr_line' id='line_1_43' title="bbox 327 4391 1136 4466; baseline 0.014 -21"><span class='ocrx_word' id='word_1_368' title='bbox 327 4400 499 4466; x_wconf 84' lang='lat' dir='ltr'>penetrare,</span> <span class='ocrx_word' id='word_1_369' title='bbox 522 4391 569 4448; x_wconf 89' lang='lat' dir='ltr'>scd</span> <span class='ocrx_word' id='word_1_370' title='bbox 586 4392 701 4449; x_wconf 83' lang='lat' dir='ltr'>resilivit</span> <span class='ocrx_word' id='word_1_371' title='bbox 723 4410 756 4450; x_wconf 92' lang='lat' dir='ltr'>ac</span> <span class='ocrx_word' id='word_1_372' title='bbox 778 4395 802 4450; x_wconf 89' lang='lat' dir='ltr'>si</span> <span class='ocrx_word' id='word_1_373' title='bbox 818 4396 935 4466; x_wconf 85' lang='lat' dir='ltr'>lapidem</span> <span class='ocrx_word' id='word_1_374' title='bbox 953 4397 1136 4455; x_wconf 86' lang='lat' dir='ltr'>durissimum</span> 
     </span>
    </p>
   </div>
   <div class='ocr_carea' id='block_1_13' title="bbox 342 4482 1251 4559">
    <p class='ocr_par' dir='ltr' id='par_1_14' title="bbox 342 4482 1251 4559">
     <span class='ocr_line' id='line_1_44' title="bbox 342 4482 1251 4559; baseline 0.015 -23"><span class='ocrx_word' id='word_1_375' title='bbox 342 4483 536 4554; x_wconf 88' lang='lat' dir='ltr'>percussisset.</span> <span class='ocrx_word' id='word_1_376' title='bbox 566 4482 682 4542; x_wconf 86' lang='lat' dir='ltr'>01uira</span> <span class='ocrx_word' id='word_1_377' title='bbox 707 4486 756 4542; x_wconf 83' lang='lat' dir='ltr'>Dei</span> <span class='ocrx_word' id='word_1_378' title='bbox 780 4490 919 4559; x_wconf 87' lang='lat' dir='ltr'>potentia!</span> <span class='ocrx_word' id='word_1_379' title='bbox 939 4492 1061 4549; x_wconf 91' lang='lat' dir='ltr'>orirtus</span> <span class='ocrx_word' id='word_1_380' title='bbox 1082 4493 1134 4548; x_wconf 83' lang='lat' dir='ltr'>im-</span> <span class='ocrx_word' id='word_1_381' title='bbox 1215 4535 1251 4550; x_wconf 90' lang='lat'>..</span> 
     </span>
    </p>
   </div>
   <div class='ocr_carea' id='block_1_14' title="bbox 344 4577 884 4749">
    <p class='ocr_par' dir='ltr' id='par_1_15' title="bbox 344 4577 884 4749">
     <span class='ocr_line' id='line_1_45' title="bbox 344 4577 461 4631; baseline 0.017 -2"><span class='ocrx_word' id='word_1_382' title='bbox 344 4577 461 4631; x_wconf 86' lang='lat' dir='ltr'>tuetrsai</span> 
     </span>
     <span class='ocr_line' id='line_1_46' title="bbox 405 4650 884 4749; baseline 0.008 -5"><span class='ocrx_word' id='word_1_383' title='bbox 405 4650 413 4665; x_wconf 84' lang='grc'><strong>’</strong></span> <span class='ocrx_word' id='word_1_384' title='bbox 589 4687 727 4746; x_wconf 79' lang='lat' dir='ltr'>cucur</span> <span class='ocrx_word' id='word_1_385' title='bbox 752 4689 884 4749; x_wconf 75' lang='lat' dir='ltr'>xxxv.</span> 
     </span>
    </p>
   </div>
   <div class='ocr_carea' id='block_1_15' title="bbox 1182 2406 1977 3322">
    <p class='ocr_par' dir='ltr' id='par_1_16' title="bbox 1182 2406 1977 3322">
     <span class='ocr_line' id='line_1_47' title="bbox 1220 2406 1972 2483; baseline -0.001 -19"><span class='ocrx_word' id='word_1_386' title='bbox 1220 2406 1355 2481; x_wconf 72' lang='lat' dir='ltr'>Tempore</span> <span class='ocrx_word' id='word_1_387' title='bbox 1367 2410 1425 2478; x_wconf 87' lang='lat' dir='ltr'>illo,</span> <span class='ocrx_word' id='word_1_388' title='bbox 1438 2410 1537 2469; x_wconf 87' lang='lat' dir='ltr'>Petrus</span> <span class='ocrx_word' id='word_1_389' title='bbox 1559 2411 1670 2483; x_wconf 72' lang='lat' dir='ltr'>linger-ii</span> <span class='ocrx_word' id='word_1_390' title='bbox 1688 2411 1818 2466; x_wconf 87' lang='lat' dir='ltr'>daminus</span> <span class='ocrx_word' id='word_1_391' title='bbox 1830 2408 1972 2473; x_wconf 68' lang='lat' dir='ltr'>cabareti,</span> 
     </span>
     <span class='ocr_line' id='line_1_48' title="bbox 1182 2498 1972 2571; baseline 0.001 -14"><span class='ocrx_word' id='word_1_392' title='bbox 1182 2512 1210 2557; x_wconf 83' lang='lat' dir='ltr'>et</span> <span class='ocrx_word' id='word_1_393' title='bbox 1224 2502 1396 2561; x_wconf 72' lang='lat' dir='ltr'>boimundus</span> <span class='ocrx_word' id='word_1_394' title='bbox 1416 2498 1610 2571; x_wconf 77' lang='lat' dir='ltr'>Thermarum,</span> <span class='ocrx_word' id='word_1_395' title='bbox 1625 2515 1653 2561; x_wconf 87' lang='lat' dir='ltr'>ct</span> <span class='ocrx_word' id='word_1_396' title='bbox 1668 2504 1826 2559; x_wconf 74' lang='lat' dir='ltr'>diener-icus·</span> <span class='ocrx_word' id='word_1_397' title='bbox 1840 2502 1972 2558; x_wconf 88' lang='lat' dir='ltr'>domiuus</span> 
     </span>
     <span class='ocr_line' id='line_1_49' title="bbox 1185 2588 1973 2670; baseline 0.003 -21"><span class='ocrx_word' id='word_1_398' title='bbox 1185 2588 1400 2668; x_wconf 71' lang='lat' dir='ltr'>dicatis-regalis</span> <span class='ocrx_word' id='word_1_399' title='bbox 1414 2598 1499 2653; x_wconf 88' lang='lat' dir='ltr'>etalii</span> <span class='ocrx_word' id='word_1_400' title='bbox 1515 2599 1615 2656; x_wconf 85' lang='lat' dir='ltr'>milites</span> <span class='ocrx_word' id='word_1_401' title='bbox 1626 2598 1673 2670; x_wconf 90' lang='lat' dir='ltr'>qui</span> <span class='ocrx_word' id='word_1_402' title='bbox 1689 2596 1818 2654; x_wconf 72' lang='lat' dir='ltr'>Ecclesiae</span> <span class='ocrx_word' id='word_1_403' title='bbox 1833 2604 1864 2652; x_wconf 83' lang='lat' dir='ltr'>ct</span> <span class='ocrx_word' id='word_1_404' title='bbox 1876 2597 1973 2652; x_wconf 82' lang='lat' dir='ltr'>couniti</span> 
     </span>
     <span class='ocr_line' id='line_1_50' title="bbox 1184 2688 1974 2763; baseline 0.001 -21"><span class='ocrx_word' id='word_1_405' title='bbox 1184 2688 1564 2756; x_wconf 86' lang='lat' dir='ltr'>resistebant,maudaveruut</span> <span class='ocrx_word' id='word_1_406' title='bbox 1574 2692 1631 2763; x_wconf 77' lang='lat' dir='ltr'>regi</span> <span class='ocrx_word' id='word_1_407' title='bbox 1642 2688 1842 2762; x_wconf 70' lang='lat' dir='ltr'>arragonensi,</span> <span class='ocrx_word' id='word_1_408' title='bbox 1848 2688 1898 2757; x_wconf 90' lang='lat' dir='ltr'>qui</span> <span class='ocrx_word' id='word_1_409' title='bbox 1912 2696 1974 2743; x_wconf 84' lang='lat' dir='ltr'>crat</span> 
     </span>
     <span class='ocr_line' id='line_1_51' title="bbox 1184 2760 1977 2850; baseline 0.009 -16"><span class='ocrx_word' id='word_1_410' title='bbox 1184 2779 1211 2834; x_wconf 93' lang='lat' dir='ltr'>in</span> <span class='ocrx_word' id='word_1_411' title='bbox 1229 2781 1353 2850; x_wconf 86' lang='lat' dir='ltr'>partibus</span> <span class='ocrx_word' id='word_1_412' title='bbox 1368 2782 1432 2849; x_wconf 86' lang='lat' dir='ltr'>illie,</span> <span class='ocrx_word' id='word_1_413' title='bbox 1450 2760 1481 2838; x_wconf 59' lang='grc' dir='ltr'>ἂι</span> <span class='ocrx_word' id='word_1_414' title='bbox 1497 2785 1603 2840; x_wconf 85' lang='lat' dir='ltr'>veniret</span> <span class='ocrx_word' id='word_1_415' title='bbox 1614 2786 1647 2841; x_wconf 91' lang='lat' dir='ltr'>ad</span> <span class='ocrx_word' id='word_1_416' title='bbox 1659 2801 1718 2850; x_wconf 89' lang='lat' dir='ltr'>eos,</span> <span class='ocrx_word' id='word_1_417' title='bbox 1732 2794 1758 2841; x_wconf 91' lang='lat' dir='ltr'>et</span> <span class='ocrx_word' id='word_1_418' title='bbox 1771 2787 1977 2841; x_wconf 73' lang='lat' dir='ltr'>consumentes</span> 
     </span>
     <span class='ocr_line' id='line_1_52' title="bbox 1184 2872 1971 2944; baseline 0.011 -17"><span class='ocrx_word' id='word_1_419' title='bbox 1184 2872 1260 2928; x_wconf 91' lang='lat' dir='ltr'>illum</span> <span class='ocrx_word' id='word_1_420' title='bbox 1277 2876 1418 2930; x_wconf 84' lang='lat' dir='ltr'>domiuum</span> <span class='ocrx_word' id='word_1_421' title='bbox 1440 2884 1532 2944; x_wconf 83' lang='lat' dir='ltr'>suum,</span> <span class='ocrx_word' id='word_1_422' title='bbox 1549 2878 1685 2934; x_wconf 88' lang='lat' dir='ltr'>traderem</span> <span class='ocrx_word' id='word_1_423' title='bbox 1707 2879 1733 2933; x_wconf 91' lang='lat' dir='ltr'>ei</span> <span class='ocrx_word' id='word_1_424' title='bbox 1755 2887 1841 2934; x_wconf 87' lang='lat' dir='ltr'>totum</span> <span class='ocrx_word' id='word_1_425' title='bbox 1856 2888 1971 2937; x_wconf 85' lang='lat' dir='ltr'>terram.</span> 
     </span>
     <span class='ocr_line' id='line_1_53' title="bbox 1184 2965 1975 3036; baseline 0.011 -16"><span class='ocrx_word' id='word_1_426' title='bbox 1184 2965 1263 3030; x_wconf 81' lang='lat' dir='ltr'>Quod</span> <span class='ocrx_word' id='word_1_427' title='bbox 1278 2982 1341 3022; x_wconf 88' lang='lat' dir='ltr'>cum</span> <span class='ocrx_word' id='word_1_428' title='bbox 1354 2982 1447 3024; x_wconf 90' lang='lat' dir='ltr'>eomes</span> <span class='ocrx_word' id='word_1_429' title='bbox 1459 2979 1554 3030; x_wconf 89' lang='lat' dir='ltr'>noster</span> <span class='ocrx_word' id='word_1_430' title='bbox 1566 2971 1697 3036; x_wconf 89' lang='lat' dir='ltr'>audisset,</span> <span class='ocrx_word' id='word_1_431' title='bbox 1714 2971 1809 3026; x_wconf 90' lang='lat' dir='ltr'>babuit</span> <span class='ocrx_word' id='word_1_432' title='bbox 1822 2984 1885 3027; x_wconf 91' lang='lat' dir='ltr'>eum</span> <span class='ocrx_word' id='word_1_433' title='bbox 1896 2973 1975 3029; x_wconf 63' lang='lat' dir='ltr'>mitis</span> 
     </span>
     <span class='ocr_line' id='line_1_54' title="bbox 1184 3056 1976 3136; baseline 0.013 -24"><span class='ocrx_word' id='word_1_434' title='bbox 1184 3059 1258 3115; x_wconf 88' lang='lat' dir='ltr'>tibus</span> <span class='ocrx_word' id='word_1_435' title='bbox 1273 3060 1332 3117; x_wconf 89' lang='lat' dir='ltr'>suis</span> <span class='ocrx_word' id='word_1_436' title='bbox 1346 3062 1504 3130; x_wconf 90' lang='lat' dir='ltr'>eonsilium,</span> <span class='ocrx_word' id='word_1_437' title='bbox 1519 3064 1584 3133; x_wconf 88' lang='lat' dir='ltr'>quid</span> <span class='ocrx_word' id='word_1_438' title='bbox 1600 3080 1680 3136; x_wconf 80' lang='lat' dir='ltr'>aqere</span> <span class='ocrx_word' id='word_1_439' title='bbox 1692 3066 1811 3122; x_wconf 87' lang='lat' dir='ltr'>deberet.</span> <span class='ocrx_word' id='word_1_440' title='bbox 1837 3056 1918 3123; x_wconf 62' lang='lat' dir='ltr'>iaec</span> <span class='ocrx_word' id='word_1_441' title='bbox 1929 3067 1976 3125; x_wconf 61' lang='lat' dir='ltr'>dia</span> 
     </span>
     <span class='ocr_line' id='line_1_55' title="bbox 1183 3152 1972 3226; baseline 0.013 -20"><span class='ocrx_word' id='word_1_442' title='bbox 1183 3152 1273 3208; x_wconf 84' lang='lat' dir='ltr'>versis</span> <span class='ocrx_word' id='word_1_443' title='bbox 1285 3154 1393 3210; x_wconf 80' lang='lat' dir='ltr'>diversa</span> <span class='ocrx_word' id='word_1_444' title='bbox 1404 3155 1569 3226; x_wconf 84' lang='lat' dir='ltr'>dicentibus,</span> <span class='ocrx_word' id='word_1_445' title='bbox 1583 3173 1675 3215; x_wconf 88' lang='lat' dir='ltr'>comes</span> <span class='ocrx_word' id='word_1_446' title='bbox 1689 3166 1717 3215; x_wconf 90' lang='lat' dir='ltr'>et</span> <span class='ocrx_word' id='word_1_447' title='bbox 1729 3159 1823 3224; x_wconf 68' lang='lat' dir='ltr'>sui-in</span> <span class='ocrx_word' id='word_1_448' title='bbox 1834 3161 1889 3216; x_wconf 91' lang='lat' dir='ltr'>boe</span> <span class='ocrx_word' id='word_1_449' title='bbox 1903 3175 1972 3216; x_wconf 84' lang='lat' dir='ltr'>corr·</span> 
     </span>
     <span class='ocr_line' id='line_1_56' title="bbox 1187 3248 1975 3322; baseline 0.013 -23"><span class='ocrx_word' id='word_1_450' title='bbox 1187 3254 1321 3300; x_wconf 74' lang='lat' dir='ltr'>verterunt</span> <span class='ocrx_word' id='word_1_451' title='bbox 1335 3255 1365 3302; x_wconf 93' lang='lat' dir='ltr'>ut</span> <span class='ocrx_word' id='word_1_452' title='bbox 1376 3248 1554 3305; x_wconf 90' lang='lat' dir='ltr'>munitionem</span> <span class='ocrx_word' id='word_1_453' title='bbox 1571 3251 1730 3321; x_wconf 88' lang='lat' dir='ltr'>quamdam,</span> <span class='ocrx_word' id='word_1_454' title='bbox 1745 3267 1806 3322; x_wconf 88' lang='lat' dir='ltr'>quae</span> <span class='ocrx_word' id='word_1_455' title='bbox 1819 3262 1879 3308; x_wconf 89' lang='lat' dir='ltr'>erat</span> <span class='ocrx_word' id='word_1_456' title='bbox 1890 3253 1975 3322; x_wconf 81' lang='lat' dir='ltr'>juxta</span> 
     </span>
    </p>
   </div>
   <div class='ocr_carea' id='block_1_16' title="bbox 1186 3338 1972 3416">
    <p class='ocr_par' dir='ltr' id='par_1_17' title="bbox 1186 3338 1972 3416">
     <span class='ocr_line' id='line_1_57' title="bbox 1186 3338 1972 3416; baseline 0.011 -23"><span class='ocrx_word' id='word_1_457' title='bbox 1186 3338 1451 3413; x_wconf 72' lang='lat' dir='ltr'>Mentem-requiem,</span> <span class='ocrx_word' id='word_1_458' title='bbox 1466 3343 1631 3413; x_wconf 80' lang='lat' dir='ltr'>obsiderent,</span> <span class='ocrx_word' id='word_1_459' title='bbox 1650 3346 1783 3416; x_wconf 88' lang='lat' dir='ltr'>siquidem</span> <span class='ocrx_word' id='word_1_460' title='bbox 1805 3345 1878 3416; x_wconf 89' lang='lat' dir='ltr'>apud</span> <span class='ocrx_word' id='word_1_461' title='bbox 1892 3345 1972 3402; x_wconf 68' lang='lat' dir='ltr'>blora</span> 
     </span>
    </p>
   </div>
   <div class='ocr_carea' id='block_1_17' title="bbox 1146 3424 1972 3510">
    <p class='ocr_par' dir='ltr' id='par_1_18' title="bbox 1146 3424 1972 3510">
     <span class='ocr_line' id='line_1_58' title="bbox 1146 3424 1972 3510; baseline 0.01 -21"><span class='ocrx_word' id='word_1_462' title='bbox 1146 3424 1168 3482; x_wconf 77' lang='lat' dir='ltr'>G</span> <span class='ocrx_word' id='word_1_463' title='bbox 1184 3435 1385 3507; x_wconf 74' lang='lat' dir='ltr'>tem-regalem,</span> <span class='ocrx_word' id='word_1_464' title='bbox 1397 3439 1638 3510; x_wconf 64' lang='lat' dir='ltr'>congregaberunt</span> <span class='ocrx_word' id='word_1_465' title='bbox 1649 3439 1916 3510; x_wconf 82' lang='lat' dir='ltr'>militcssupradicti,</span> <span class='ocrx_word' id='word_1_466' title='bbox 1927 3456 1972 3497; x_wconf 89' lang='lat' dir='ltr'>rc·</span> 
     </span>
    </p>
   </div>
   <div class='ocr_carea' id='block_1_18' title="bbox 1182 3526 1975 4605">
    <p class='ocr_par' dir='ltr' id='par_1_19' title="bbox 1182 3526 1975 4605">
     <span class='ocr_line' id='line_1_59' title="bbox 1184 3526 1973 3601; baseline 0.01 -20"><span class='ocrx_word' id='word_1_467' title='bbox 1184 3527 1226 3599; x_wconf 79' lang='lat' dir='ltr'>qis</span> <span class='ocrx_word' id='word_1_468' title='bbox 1239 3526 1385 3584; x_wconf 88' lang='lat' dir='ltr'>adventurn</span> <span class='ocrx_word' id='word_1_469' title='bbox 1400 3528 1437 3583; x_wconf 87' lang='lat' dir='ltr'>lbi</span> <span class='ocrx_word' id='word_1_470' title='bbox 1450 3539 1658 3601; x_wconf 60' lang='lat' dir='ltr'>exspectantem</span> <span class='ocrx_word' id='word_1_471' title='bbox 1675 3531 1727 3587; x_wconf 88' lang='lat' dir='ltr'>boe</span> <span class='ocrx_word' id='word_1_472' title='bbox 1741 3541 1833 3587; x_wconf 88' lang='lat' dir='ltr'>autern</span> <span class='ocrx_word' id='word_1_473' title='bbox 1850 3533 1912 3589; x_wconf 87' lang='lat' dir='ltr'>ideo</span> <span class='ocrx_word' id='word_1_474' title='bbox 1922 3550 1973 3589; x_wconf 87' lang='lat' dir='ltr'>vo-</span> 
     </span>
     <span class='ocr_line' id='line_1_60' title="bbox 1184 3619 1971 3694; baseline 0.005 -19"><span class='ocrx_word' id='word_1_475' title='bbox 1184 3619 1256 3675; x_wconf 90' lang='lat' dir='ltr'>lebat</span> <span class='ocrx_word' id='word_1_476' title='bbox 1270 3619 1361 3677; x_wconf 84' lang='lat' dir='ltr'>iacere</span> <span class='ocrx_word' id='word_1_477' title='bbox 1377 3636 1482 3687; x_wconf 88' lang='lat' dir='ltr'>comes,</span> <span class='ocrx_word' id='word_1_478' title='bbox 1497 3630 1527 3676; x_wconf 92' lang='lat' dir='ltr'>ut</span> <span class='ocrx_word' id='word_1_479' title='bbox 1540 3631 1738 3694; x_wconf 74' lang='lat' dir='ltr'>cognoscerem</span> <span class='ocrx_word' id='word_1_480' title='bbox 1755 3623 1907 3679; x_wconf 90' lang='lat' dir='ltr'>adversarii</span> <span class='ocrx_word' id='word_1_481' title='bbox 1927 3625 1971 3680; x_wconf 86' lang='lat' dir='ltr'>sui</span> 
     </span>
     <span class='ocr_line' id='line_1_61' title="bbox 1183 3710 1972 3780; baseline 0.011 -17"><span class='ocrx_word' id='word_1_482' title='bbox 1183 3710 1256 3780; x_wconf 87' lang='lat' dir='ltr'>quod</span> <span class='ocrx_word' id='word_1_483' title='bbox 1270 3723 1287 3764; x_wconf 84' lang='lat' dir='ltr'>a</span> <span class='ocrx_word' id='word_1_484' title='bbox 1300 3710 1370 3767; x_wconf 88' lang='lat' dir='ltr'>laeie</span> <span class='ocrx_word' id='word_1_485' title='bbox 1386 3726 1482 3768; x_wconf 84' lang='lat' dir='ltr'>eorum</span> <span class='ocrx_word' id='word_1_486' title='bbox 1503 3727 1559 3767; x_wconf 89' lang='lat' dir='ltr'>non</span> <span class='ocrx_word' id='word_1_487' title='bbox 1575 3713 1697 3768; x_wconf 87' lang='lat' dir='ltr'>timebat.</span> <span class='ocrx_word' id='word_1_488' title='bbox 1717 3712 1905 3771; x_wconf 86' lang='lat' dir='ltr'>Paucissimoa</span> <span class='ocrx_word' id='word_1_489' title='bbox 1918 3732 1972 3772; x_wconf 90' lang='lat' dir='ltr'>au·</span> 
     </span>
     <span class='ocr_line' id='line_1_62' title="bbox 1185 3804 1975 3877; baseline 0.01 -21"><span class='ocrx_word' id='word_1_490' title='bbox 1185 3812 1239 3857; x_wconf 89' lang='lat' dir='ltr'>tem</span> <span class='ocrx_word' id='word_1_491' title='bbox 1254 3812 1319 3859; x_wconf 87' lang='lat' dir='ltr'>turre</span> <span class='ocrx_word' id='word_1_492' title='bbox 1330 3804 1432 3861; x_wconf 86' lang='lat' dir='ltr'>milites</span> <span class='ocrx_word' id='word_1_493' title='bbox 1444 3806 1561 3861; x_wconf 83' lang='lat' dir='ltr'>babebat</span> <span class='ocrx_word' id='word_1_494' title='bbox 1572 3822 1664 3862; x_wconf 91' lang='lat' dir='ltr'>eomes</span> <span class='ocrx_word' id='word_1_495' title='bbox 1672 3815 1775 3864; x_wconf 85' lang='lat' dir='ltr'>noster.</span> <span class='ocrx_word' id='word_1_496' title='bbox 1791 3807 1863 3876; x_wconf 80' lang='lat' dir='ltr'>ouo</span> <span class='ocrx_word' id='word_1_497' title='bbox 1871 3806 1975 3877; x_wconf 75' lang='lat' dir='ltr'>plina!</span> 
     </span>
     <span class='ocr_line' id='line_1_63' title="bbox 1184 3891 1970 3970; baseline 0.013 -23"><span class='ocrx_word' id='word_1_498' title='bbox 1184 3891 1304 3964; x_wconf 78' lang='lat' dir='ltr'>Perqunt</span> <span class='ocrx_word' id='word_1_499' title='bbox 1321 3894 1410 3950; x_wconf 86' lang='lat' dir='ltr'>nostri</span> <span class='ocrx_word' id='word_1_500' title='bbox 1423 3897 1457 3951; x_wconf 91' lang='lat' dir='ltr'>ad</span> <span class='ocrx_word' id='word_1_501' title='bbox 1479 3896 1657 3953; x_wconf 86' lang='lat' dir='ltr'>obsidendam</span> <span class='ocrx_word' id='word_1_502' title='bbox 1674 3899 1854 3955; x_wconf 89' lang='lat' dir='ltr'>munitionem</span> <span class='ocrx_word' id='word_1_503' title='bbox 1871 3916 1970 3970; x_wconf 74' lang='lat' dir='ltr'>supra·</span> 
     </span>
     <span class='ocr_line' id='line_1_64' title="bbox 1182 3985 1971 4063; baseline 0.015 -23"><span class='ocrx_word' id='word_1_504' title='bbox 1182 3985 1295 4053; x_wconf 87' lang='lat' dir='ltr'>dictam,</span> <span class='ocrx_word' id='word_1_505' title='bbox 1317 3998 1379 4058; x_wconf 78' lang='lat' dir='ltr'>quae</span> <span class='ocrx_word' id='word_1_506' title='bbox 1396 3989 1498 4045; x_wconf 88' lang='lat' dir='ltr'>dieitur</span> <span class='ocrx_word' id='word_1_507' title='bbox 1517 3989 1686 4063; x_wconf 70' lang='lat' dir='ltr'>bellagarda.</span> <span class='ocrx_word' id='word_1_508' title='bbox 1708 3992 1737 4048; x_wconf 90' lang='lat' dir='ltr'>ln</span> <span class='ocrx_word' id='word_1_509' title='bbox 1759 3994 1881 4050; x_wconf 83' lang='lat' dir='ltr'>crastino</span> <span class='ocrx_word' id='word_1_510' title='bbox 1895 3998 1971 4053; x_wconf 85' lang='lat' dir='ltr'>verrit</span> 
     </span>
     <span class='ocr_line' id='line_1_65' title="bbox 1190 4080 1972 4157; baseline 0.014 -21"><span class='ocrx_word' id='word_1_511' title='bbox 1190 4097 1238 4137; x_wconf 82' lang='lat' dir='ltr'>rex</span> <span class='ocrx_word' id='word_1_512' title='bbox 1258 4080 1553 4155; x_wconf 79' lang='lat' dir='ltr'>Arraqonensispropc</span> <span class='ocrx_word' id='word_1_513' title='bbox 1572 4083 1848 4157; x_wconf 69' lang='lat' dir='ltr'>Menatem-regalem:</span> <span class='ocrx_word' id='word_1_514' title='bbox 1869 4090 1972 4147; x_wconf 83' lang='lat' dir='ltr'>militas</span> 
     </span>
     <span class='ocr_line' id='line_1_66' title="bbox 1184 4173 1972 4248; baseline 0.014 -21"><span class='ocrx_word' id='word_1_515' title='bbox 1184 4182 1275 4228; x_wconf 86' lang='lat' dir='ltr'>autem</span> <span class='ocrx_word' id='word_1_516' title='bbox 1287 4173 1334 4243; x_wconf 88' lang='lat' dir='ltr'>qui</span> <span class='ocrx_word' id='word_1_517' title='bbox 1348 4188 1411 4229; x_wconf 89' lang='lat' dir='ltr'>eum</span> <span class='ocrx_word' id='word_1_518' title='bbox 1426 4184 1601 4243; x_wconf 80' lang='lat' dir='ltr'>rocaverunt,</span> <span class='ocrx_word' id='word_1_519' title='bbox 1618 4186 1646 4232; x_wconf 87' lang='lat' dir='ltr'>ct</span> <span class='ocrx_word' id='word_1_520' title='bbox 1660 4177 1761 4234; x_wconf 84' lang='lat' dir='ltr'>multos</span> <span class='ocrx_word' id='word_1_521' title='bbox 1779 4179 1838 4248; x_wconf 80' lang='lat' dir='ltr'>jaro</span> <span class='ocrx_word' id='word_1_522' title='bbox 1851 4179 1912 4237; x_wconf 86' lang='lat' dir='ltr'>dies</span> <span class='ocrx_word' id='word_1_523' title='bbox 1932 4180 1972 4237; x_wconf 83' lang='lat' dir='ltr'>ie-</span> 
     </span>
     <span class='ocr_line' id='line_1_67' title="bbox 1184 4263 1971 4341; baseline 0.009 -22"><span class='ocrx_word' id='word_1_524' title='bbox 1184 4271 1278 4319; x_wconf 87' lang='lat' dir='ltr'>oerant</span> <span class='ocrx_word' id='word_1_525' title='bbox 1303 4263 1331 4319; x_wconf 92' lang='lat' dir='ltr'>ln</span> <span class='ocrx_word' id='word_1_526' title='bbox 1356 4263 1523 4322; x_wconf 75' lang='lat' dir='ltr'>victualibus</span> <span class='ocrx_word' id='word_1_527' title='bbox 1546 4268 1737 4337; x_wconf 89' lang='lat' dir='ltr'>copiosissime</span> <span class='ocrx_word' id='word_1_528' title='bbox 1770 4274 1971 4341; x_wconf 73' lang='lat' dir='ltr'>preparandis,</span> 
     </span>
     <span class='ocr_line' id='line_1_68' title="bbox 1184 4356 1971 4435; baseline 0.015 -25"><span class='ocrx_word' id='word_1_529' title='bbox 1184 4364 1309 4411; x_wconf 78' lang='lat' dir='ltr'>exueruut</span> <span class='ocrx_word' id='word_1_530' title='bbox 1329 4371 1345 4413; x_wconf 88' lang='lat' dir='ltr'>a</span> <span class='ocrx_word' id='word_1_531' title='bbox 1360 4356 1559 4429; x_wconf 78' lang='lat' dir='ltr'>bonu-requi,</span> <span class='ocrx_word' id='word_1_532' title='bbox 1572 4369 1598 4414; x_wconf 89' lang='lat' dir='ltr'>et</span> <span class='ocrx_word' id='word_1_533' title='bbox 1611 4371 1743 4417; x_wconf 88' lang='lat' dir='ltr'>venerunt</span> <span class='ocrx_word' id='word_1_534' title='bbox 1759 4363 1792 4417; x_wconf 91' lang='lat' dir='ltr'>ad</span> <span class='ocrx_word' id='word_1_535' title='bbox 1807 4378 1912 4434; x_wconf 73' lang='lat' dir='ltr'>regem,-</span> <span class='ocrx_word' id='word_1_536' title='bbox 1924 4382 1971 4435; x_wconf 80' lang='lat' dir='ltr'>ro·¹</span> 
     </span>
     <span class='ocr_line' id='line_1_69' title="bbox 1184 4449 1972 4523; baseline 0.008 -22"><span class='ocrx_word' id='word_1_537' title='bbox 1184 4457 1279 4520; x_wconf 62' lang='lat' dir='ltr'>pantes</span> <span class='ocrx_word' id='word_1_538' title='bbox 1293 4449 1445 4507; x_wconf 86' lang='lat' dir='ltr'>utintraret</span> <span class='ocrx_word' id='word_1_539' title='bbox 1452 4449 1702 4523; x_wconf 77' lang='lat' dir='ltr'>Mortem-regalem</span> <span class='ocrx_word' id='word_1_540' title='bbox 1712 4465 1741 4509; x_wconf 89' lang='lat' dir='ltr'>et</span> <span class='ocrx_word' id='word_1_541' title='bbox 1750 4452 1906 4513; x_wconf 76' lang='lat' dir='ltr'>lacer-antei</span> <span class='ocrx_word' id='word_1_542' title='bbox 1920 4460 1972 4513; x_wconf 87' lang='lat' dir='ltr'>bo.</span> 
     </span>
     <span class='ocr_line' id='line_1_70' title="bbox 1184 4538 1972 4605; baseline 0.019 -15"><span class='ocrx_word' id='word_1_543' title='bbox 1184 4551 1311 4602; x_wconf 84' lang='lat' dir='ltr'>mserum,</span> <span class='ocrx_word' id='word_1_544' title='bbox 1327 4538 1401 4595; x_wconf 84' lang='lat' dir='ltr'>sicut</span> <span class='ocrx_word' id='word_1_545' title='bbox 1414 4539 1612 4597; x_wconf 86' lang='lat' dir='ltr'>mandaverant</span> <span class='ocrx_word' id='word_1_546' title='bbox 1626 4560 1633 4597; x_wconf 76' lang='grc' dir='ltr'>ι</span> <span class='ocrx_word' id='word_1_547' title='bbox 1655 4544 1707 4599; x_wconf 93' lang='lat' dir='ltr'>boc</span> <span class='ocrx_word' id='word_1_548' title='bbox 1720 4554 1813 4600; x_wconf 90' lang='lat' dir='ltr'>autem</span> <span class='ocrx_word' id='word_1_549' title='bbox 1823 4545 1915 4602; x_wconf 79' lang='lat' dir='ltr'>lacere</span> <span class='ocrx_word' id='word_1_550' title='bbox 1928 4566 1972 4605; x_wconf 90' lang='lat' dir='ltr'>ro·</span> 
     </span>
    </p>
   </div>
   <div class='ocr_carea' id='block_1_19' title="bbox 1183 4629 1971 4705">
    <p class='ocr_par' dir='ltr' id='par_1_20' title="bbox 1183 4629 1971 4705">
     <span class='ocr_line' id='line_1_71' title="bbox 1183 4629 1971 4705; baseline 0.022 -21"><span class='ocrx_word' id='word_1_551' title='bbox 1183 4629 1277 4685; x_wconf 84' lang='lat' dir='ltr'>lebant</span> <span class='ocrx_word' id='word_1_552' title='bbox 1297 4641 1328 4686; x_wconf 91' lang='lat' dir='ltr'>ut</span> <span class='ocrx_word' id='word_1_553' title='bbox 1351 4642 1465 4704; x_wconf 84' lang='lat' dir='ltr'>possent</span> <span class='ocrx_word' id='word_1_554' title='bbox 1487 4636 1625 4705; x_wconf 86' lang='lat' dir='ltr'>erpellere</span> <span class='ocrx_word' id='word_1_555' title='bbox 1639 4637 1673 4692; x_wconf 90' lang='lat' dir='ltr'>de</span> <span class='ocrx_word' id='word_1_556' title='bbox 1688 4645 1761 4694; x_wconf 87' lang='lat' dir='ltr'>terra</span> <span class='ocrx_word' id='word_1_557' title='bbox 1782 4639 1826 4695; x_wconf 88' lang='lat' dir='ltr'>illa</span> <span class='ocrx_word' id='word_1_558' title='bbox 1841 4649 1971 4701; x_wconf 85' lang='lat' dir='ltr'>comitem</span> 
     </span>
    </p>
   </div>
   <div class='ocr_carea' id='block_1_20' title="bbox 1064 4718 1970 4823">
    <p class='ocr_par' dir='ltr' id='par_1_21' title="bbox 1064 4718 1970 4823">
     <span class='ocr_line' id='line_1_72' title="bbox 1064 4718 1970 4823; baseline 0.024 -50"><span class='ocrx_word' id='word_1_559' title='bbox 1064 4724 1069 4736; x_wconf 92' lang='lat'>&#39;</span> <span class='ocrx_word' id='word_1_560' title='bbox 1148 4718 1391 4823; x_wconf 57' lang='lat' dir='ltr'>¹&gt;liniatis-loreia.</span> <span class='ocrx_word' id='word_1_561' title='bbox 1406 4724 1569 4783; x_wconf 71' lang='lat' dir='ltr'>nexantem</span> <span class='ocrx_word' id='word_1_562' title='bbox 1590 4730 1681 4785; x_wconf 87' lang='lat' dir='ltr'>statim</span> <span class='ocrx_word' id='word_1_563' title='bbox 1698 4740 1728 4787; x_wconf 91' lang='lat' dir='ltr'>ut</span> <span class='ocrx_word' id='word_1_564' title='bbox 1739 4733 1779 4788; x_wconf 90' lang='lat' dir='ltr'>sic</span> <span class='ocrx_word' id='word_1_565' title='bbox 1793 4747 1970 4795; x_wconf 85' lang='lat' dir='ltr'>accesserunt</span> 
     </span>
    </p>
   </div>
   <div class='ocr_carea' id='block_1_21' title="bbox 342 4783 2006 6091">
    <p class='ocr_par' dir='ltr' id='par_1_22' title="bbox 342 4783 2006 6091">
     <span class='ocr_line' id='line_1_73' title="bbox 618 4783 1971 4888; baseline 0.02 -27"><span class='ocrx_word' id='word_1_566' title='bbox 618 4783 728 4841; x_wconf 51' lang='grc' dir='ltr'>(ΜΨ</span> <span class='ocrx_word' id='word_1_567' title='bbox 743 4784 857 4842; x_wconf 54' lang='lat' dir='ltr'>Manci-</span> <span class='ocrx_word' id='word_1_568' title='bbox 1184 4813 1304 4883; x_wconf 87' lang='lat' dir='ltr'>adeum,</span> <span class='ocrx_word' id='word_1_569' title='bbox 1317 4817 1404 4873; x_wconf 83' lang='lat' dir='ltr'>rotun</span> <span class='ocrx_word' id='word_1_570' title='bbox 1415 4827 1445 4874; x_wconf 92' lang='lat' dir='ltr'>ut</span> <span class='ocrx_word' id='word_1_571' title='bbox 1456 4821 1594 4877; x_wconf 86' lang='lat' dir='ltr'>traderent</span> <span class='ocrx_word' id='word_1_572' title='bbox 1604 4823 1630 4878; x_wconf 89' lang='lat' dir='ltr'>ei</span> <span class='ocrx_word' id='word_1_573' title='bbox 1641 4824 1818 4882; x_wconf 88' lang='lat' dir='ltr'>monitionem</span> <span class='ocrx_word' id='word_1_574' title='bbox 1829 4832 1913 4886; x_wconf 87' lang='lat' dir='ltr'>castri</span> <span class='ocrx_word' id='word_1_575' title='bbox 1922 4832 1971 4888; x_wconf 79' lang='lat' dir='ltr'>Cn·</span> 
     </span>
     <span class='ocr_line' id='line_1_74' title="bbox 376 4895 1971 4985; baseline 0.019 -35"><span class='ocrx_word' id='word_1_576' title='bbox 376 4895 456 4950; x_wconf 80' lang='lat' dir='ltr'>Circa</span> <span class='ocrx_word' id='word_1_577' title='bbox 467 4895 574 4953; x_wconf 86' lang='lat' dir='ltr'>Pascha</span> <span class='ocrx_word' id='word_1_578' title='bbox 586 4912 651 4954; x_wconf 90' lang='lat' dir='ltr'>vero</span> <span class='ocrx_word' id='word_1_579' title='bbox 664 4900 739 4956; x_wconf 91' lang='lat' dir='ltr'>venit</span> <span class='ocrx_word' id='word_1_580' title='bbox 750 4916 846 4959; x_wconf 90' lang='lat' dir='ltr'>cemes</span> <span class='ocrx_word' id='word_1_581' title='bbox 860 4916 888 4959; x_wconf 87' lang='lat' dir='ltr'>et</span> <span class='ocrx_word' id='word_1_582' title='bbox 902 4905 990 4963; x_wconf 89' lang='lat' dir='ltr'>suiad</span> <span class='ocrx_word' id='word_1_583' title='bbox 1006 4909 1133 4967; x_wconf 91' lang='lat' dir='ltr'>obsiden-</span> <span class='ocrx_word' id='word_1_584' title='bbox 1184 4907 1281 4965; x_wconf 78' lang='lat' dir='ltr'>bereti.</span> <span class='ocrx_word' id='word_1_585' title='bbox 1306 4907 1420 4982; x_wconf 86' lang='lat' dir='ltr'>iusuper</span> <span class='ocrx_word' id='word_1_586' title='bbox 1434 4912 1589 4985; x_wconf 72' lang='lat' dir='ltr'>dicitquod</span> <span class='ocrx_word' id='word_1_587' title='bbox 1603 4914 1656 4972; x_wconf 90' lang='lat' dir='ltr'>bae</span> <span class='ocrx_word' id='word_1_588' title='bbox 1667 4918 1825 4976; x_wconf 85' lang='lat' dir='ltr'>conditione</span> <span class='ocrx_word' id='word_1_589' title='bbox 1835 4936 1887 4979; x_wconf 85' lang='lat' dir='ltr'>ecs</span> <span class='ocrx_word' id='word_1_590' title='bbox 1898 4927 1971 4981; x_wconf 87' lang='lat' dir='ltr'>reci·</span> 
     </span>
     <span class='ocr_line' id='line_1_75' title="bbox 342 4986 1972 5080; baseline 0.019 -38"><span class='ocrx_word' id='word_1_591' title='bbox 342 4986 408 5042; x_wconf 89' lang='lat' dir='ltr'>dum</span> <span class='ocrx_word' id='word_1_592' title='bbox 421 4986 560 5056; x_wconf 85' lang='lat' dir='ltr'>quoddam</span> <span class='ocrx_word' id='word_1_593' title='bbox 581 4998 704 5045; x_wconf 82' lang='lat' dir='ltr'>castrum</span> <span class='ocrx_word' id='word_1_594' title='bbox 721 4991 793 5047; x_wconf 90' lang='lat' dir='ltr'>inter</span> <span class='ocrx_word' id='word_1_595' title='bbox 805 4992 1006 5054; x_wconf 76' lang='lat' dir='ltr'>carcassonam</span> <span class='ocrx_word' id='word_1_596' title='bbox 1024 5009 1053 5055; x_wconf 83' lang='lat' dir='ltr'>et</span> <span class='ocrx_word' id='word_1_597' title='bbox 1064 4999 1134 5056; x_wconf 83' lang='lat' dir='ltr'>Nar·</span> <span class='ocrx_word' id='word_1_598' title='bbox 1183 5001 1301 5071; x_wconf 86' lang='lat' dir='ltr'>peratiu</span> <span class='ocrx_word' id='word_1_599' title='bbox 1325 5002 1461 5068; x_wconf 83' lang='lat' dir='ltr'>bomiuet,</span> <span class='ocrx_word' id='word_1_600' title='bbox 1484 5006 1508 5062; x_wconf 83' lang='lat' dir='ltr'>ui</span> <span class='ocrx_word' id='word_1_601' title='bbox 1523 5009 1744 5080; x_wconf 83' lang='lat' dir='ltr'>quotiescunque</span> <span class='ocrx_word' id='word_1_602' title='bbox 1760 5011 1841 5069; x_wconf 68' lang='lat' dir='ltr'>relbt</span> <span class='ocrx_word' id='word_1_603' title='bbox 1861 5030 1928 5071; x_wconf 76' lang='lat' dir='ltr'>scas</span> <span class='ocrx_word' id='word_1_604' title='bbox 1944 5017 1972 5073; x_wconf 81' lang='lat' dir='ltr'>ei</span> 
     </span>
     <span class='ocr_line' id='line_1_76' title="bbox 343 5078 1972 5171; baseline 0.021 -41"><span class='ocrx_word' id='word_1_605' title='bbox 343 5078 456 5145; x_wconf 75' lang='lat' dir='ltr'>bonam</span> <span class='ocrx_word' id='word_1_606' title='bbox 467 5080 542 5150; x_wconf 91' lang='lat' dir='ltr'>quod</span> <span class='ocrx_word' id='word_1_607' title='bbox 559 5081 699 5137; x_wconf 78' lang='lat' dir='ltr'>Alaricum</span> <span class='ocrx_word' id='word_1_608' title='bbox 709 5082 854 5142; x_wconf 87' lang='lat' dir='ltr'>dicebatur</span> <span class='ocrx_word' id='word_1_609' title='bbox 869 5106 876 5143; x_wconf 92' lang='lat'><strong>:</strong></span> <span class='ocrx_word' id='word_1_610' title='bbox 890 5098 1012 5146; x_wconf 84' lang='lat' dir='ltr'>castrum</span> <span class='ocrx_word' id='word_1_611' title='bbox 1024 5093 1091 5148; x_wconf 88' lang='lat' dir='ltr'>illud</span> <span class='ocrx_word' id='word_1_612' title='bbox 1105 5093 1133 5148; x_wconf 91' lang='lat' dir='ltr'>in</span> <span class='ocrx_word' id='word_1_613' title='bbox 1183 5095 1325 5151; x_wconf 83' lang='lat' dir='ltr'>traderent</span> <span class='ocrx_word' id='word_1_614' title='bbox 1343 5097 1522 5154; x_wconf 86' lang='lat' dir='ltr'>munitimrev.</span> <span class='ocrx_word' id='word_1_615' title='bbox 1544 5097 1668 5157; x_wconf 82' lang='lat' dir='ltr'>Consilio</span> <span class='ocrx_word' id='word_1_616' title='bbox 1684 5102 1768 5171; x_wconf 79' lang='lat' dir='ltr'>iqitur</span> <span class='ocrx_word' id='word_1_617' title='bbox 1781 5103 1854 5161; x_wconf 82' lang='lat' dir='ltr'>iuter</span> <span class='ocrx_word' id='word_1_618' title='bbox 1875 5122 1906 5163; x_wconf 83' lang='lat' dir='ltr'>ac</span> <span class='ocrx_word' id='word_1_619' title='bbox 1922 5109 1972 5163; x_wconf 89' lang='lat' dir='ltr'>ba·</span> 
     </span>
     <span class='ocr_line' id='line_1_77' title="bbox 344 5171 1973 5269; baseline 0.019 -44"><span class='ocrx_word' id='word_1_620' title='bbox 344 5171 484 5227; x_wconf 70' lang='lat' dir='ltr'>menbris</span> <span class='ocrx_word' id='word_1_621' title='bbox 498 5174 620 5242; x_wconf 85' lang='lat' dir='ltr'>positum</span> <span class='ocrx_word' id='word_1_622' title='bbox 631 5183 702 5242; x_wconf 85' lang='lat' dir='ltr'>erat,</span> <span class='ocrx_word' id='word_1_623' title='bbox 716 5184 745 5231; x_wconf 90' lang='lat' dir='ltr'>et</span> <span class='ocrx_word' id='word_1_624' title='bbox 756 5179 878 5249; x_wconf 88' lang='lat' dir='ltr'>audique</span> <span class='ocrx_word' id='word_1_625' title='bbox 891 5182 1006 5252; x_wconf 79' lang='lat' dir='ltr'>rupibus</span> <span class='ocrx_word' id='word_1_626' title='bbox 1016 5184 1134 5240; x_wconf 88' lang='lat' dir='ltr'>circum-</span> <span class='ocrx_word' id='word_1_627' title='bbox 1185 5185 1254 5254; x_wconf 93' lang='lat' dir='ltr'>bito,</span> <span class='ocrx_word' id='word_1_628' title='bbox 1267 5186 1389 5258; x_wconf 67' lang='lat' dir='ltr'>predico</span> <span class='ocrx_word' id='word_1_629' title='bbox 1404 5190 1507 5246; x_wconf 86' lang='lat' dir='ltr'>milites</span> <span class='ocrx_word' id='word_1_630' title='bbox 1529 5203 1693 5264; x_wconf 73' lang='lat' dir='ltr'>rogauerunt</span> <span class='ocrx_word' id='word_1_631' title='bbox 1716 5195 1817 5257; x_wconf 79' lang='lat' dir='ltr'>iterum</span> <span class='ocrx_word' id='word_1_632' title='bbox 1833 5212 1926 5269; x_wconf 68' lang='lat' dir='ltr'>regem</span> <span class='ocrx_word' id='word_1_633' title='bbox 1942 5209 1973 5259; x_wconf 92' lang='lat' dir='ltr'>ut</span> 
     </span>
     <span class='ocr_line' id='line_1_78' title="bbox 344 5265 1973 5357; baseline 0.021 -38"><span class='ocrx_word' id='word_1_634' title='bbox 344 5275 464 5337; x_wconf 83' lang='lat' dir='ltr'>septum.</span> <span class='ocrx_word' id='word_1_635' title='bbox 476 5265 546 5321; x_wconf 82' lang='lat' dir='ltr'>Cum</span> <span class='ocrx_word' id='word_1_636' title='bbox 559 5265 719 5325; x_wconf 78' lang='lat' dir='ltr'>difficultate</span> <span class='ocrx_word' id='word_1_637' title='bbox 735 5270 819 5342; x_wconf 74' lang='lat' dir='ltr'>igitur</span> <span class='ocrx_word' id='word_1_638' title='bbox 830 5274 950 5330; x_wconf 81' lang='lat' dir='ltr'>maaima</span> <span class='ocrx_word' id='word_1_639' title='bbox 963 5285 991 5332; x_wconf 89' lang='lat' dir='ltr'>et</span> <span class='ocrx_word' id='word_1_640' title='bbox 1002 5277 1072 5333; x_wconf 90' lang='lat' dir='ltr'>dura</span> <span class='ocrx_word' id='word_1_641' title='bbox 1085 5293 1134 5334; x_wconf 89' lang='lat' dir='ltr'>ae·</span> <span class='ocrx_word' id='word_1_642' title='bbox 1184 5279 1300 5336; x_wconf 87' lang='lat' dir='ltr'>intraret</span> <span class='ocrx_word' id='word_1_643' title='bbox 1315 5280 1619 5355; x_wconf 64' lang='lat' dir='ltr'>dientem-requiem</span> <span class='ocrx_word' id='word_1_644' title='bbox 1640 5286 1691 5357; x_wconf 89' lang='lat' dir='ltr'>ipsi</span> <span class='ocrx_word' id='word_1_645' title='bbox 1709 5285 1831 5347; x_wconf 83' lang='lat' dir='ltr'>iacerent</span> <span class='ocrx_word' id='word_1_646' title='bbox 1848 5293 1874 5348; x_wconf 91' lang='lat' dir='ltr'>ei</span> <span class='ocrx_word' id='word_1_647' title='bbox 1899 5294 1973 5354; x_wconf 79' lang='lat' dir='ltr'>sicin</span> 
     </span>
     <span class='ocr_line' id='line_1_79' title="bbox 346 5360 1971 5451; baseline 0.017 -36"><span class='ocrx_word' id='word_1_648' title='bbox 346 5360 384 5415; x_wconf 87' lang='lat' dir='ltr'>ris</span> <span class='ocrx_word' id='word_1_649' title='bbox 401 5361 532 5432; x_wconf 62' lang='lat' dir='ltr'>mrumrie</span> <span class='ocrx_word' id='word_1_650' title='bbox 549 5361 704 5418; x_wconf 64' lang='lat' dir='ltr'>euidentes</span> <span class='ocrx_word' id='word_1_651' title='bbox 718 5362 806 5420; x_wconf 87' lang='lat' dir='ltr'>nostri</span> <span class='ocrx_word' id='word_1_652' title='bbox 828 5376 948 5422; x_wconf 88' lang='lat' dir='ltr'>castrum</span> <span class='ocrx_word' id='word_1_653' title='bbox 966 5369 1134 5437; x_wconf 70' lang='lat' dir='ltr'>illuminita</span> <span class='ocrx_word' id='word_1_654' title='bbox 1185 5372 1381 5441; x_wconf 85' lang='lat' dir='ltr'>promiseram,</span> <span class='ocrx_word' id='word_1_655' title='bbox 1401 5373 1466 5444; x_wconf 90' lang='lat' dir='ltr'>quia</span> <span class='ocrx_word' id='word_1_656' title='bbox 1481 5390 1529 5431; x_wconf 86' lang='lat' dir='ltr'>rex</span> <span class='ocrx_word' id='word_1_657' title='bbox 1549 5377 1624 5433; x_wconf 89' lang='lat' dir='ltr'>nullo</span> <span class='ocrx_word' id='word_1_658' title='bbox 1642 5379 1725 5435; x_wconf 89' lang='lat' dir='ltr'>modo</span> <span class='ocrx_word' id='word_1_659' title='bbox 1746 5380 1832 5439; x_wconf 87' lang='lat' dir='ltr'>voluit</span> <span class='ocrx_word' id='word_1_660' title='bbox 1854 5383 1971 5451; x_wconf 89' lang='lat' dir='ltr'>intrare,</span> 
     </span>
     <span class='ocr_line' id='line_1_80' title="bbox 345 5451 1972 5546; baseline 0.018 -40"><span class='ocrx_word' id='word_1_661' title='bbox 345 5452 473 5507; x_wconf 79' lang='lat' dir='ltr'>tridecim</span> <span class='ocrx_word' id='word_1_662' title='bbox 489 5453 549 5509; x_wconf 83' lang='lat' dir='ltr'>dies</span> <span class='ocrx_word' id='word_1_663' title='bbox 573 5451 614 5507; x_wconf 92' lang='lat' dir='ltr'>illl</span> <span class='ocrx_word' id='word_1_664' title='bbox 630 5453 678 5524; x_wconf 89' lang='lat' dir='ltr'>qui</span> <span class='ocrx_word' id='word_1_665' title='bbox 693 5453 769 5510; x_wconf 90' lang='lat' dir='ltr'>intus</span> <span class='ocrx_word' id='word_1_666' title='bbox 786 5467 867 5513; x_wconf 89' lang='lat' dir='ltr'>erant</span> <span class='ocrx_word' id='word_1_667' title='bbox 882 5457 918 5513; x_wconf 91' lang='lat' dir='ltr'>de</span> <span class='ocrx_word' id='word_1_668' title='bbox 932 5469 1011 5515; x_wconf 87' lang='lat' dir='ltr'>noete</span> <span class='ocrx_word' id='word_1_669' title='bbox 1026 5459 1134 5530; x_wconf 80' lang='lat' dir='ltr'>lugien·</span> <span class='ocrx_word' id='word_1_670' title='bbox 1186 5461 1240 5518; x_wconf 89' lang='lat' dir='ltr'>uisi</span> <span class='ocrx_word' id='word_1_671' title='bbox 1255 5464 1466 5534; x_wconf 86' lang='lat' dir='ltr'>priuslaecreat</span> <span class='ocrx_word' id='word_1_672' title='bbox 1481 5469 1508 5524; x_wconf 82' lang='lat' dir='ltr'>ci</span> <span class='ocrx_word' id='word_1_673' title='bbox 1522 5471 1596 5540; x_wconf 91' lang='lat' dir='ltr'>quod</span> <span class='ocrx_word' id='word_1_674' title='bbox 1612 5452 1741 5530; x_wconf 77' lang='lat' dir='ltr'>volebat:</span> <span class='ocrx_word' id='word_1_675' title='bbox 1761 5477 1835 5546; x_wconf 90' lang='lat' dir='ltr'>quod</span> <span class='ocrx_word' id='word_1_676' title='bbox 1852 5492 1916 5536; x_wconf 86' lang='lat' dir='ltr'>carn</span> <span class='ocrx_word' id='word_1_677' title='bbox 1932 5481 1972 5535; x_wconf 88' lang='lat' dir='ltr'>t&#39;a·</span> 
     </span>
     <span class='ocr_line' id='line_1_81' title="bbox 346 5543 1972 5634; baseline 0.016 -36"><span class='ocrx_word' id='word_1_678' title='bbox 346 5543 421 5600; x_wconf 91' lang='lat' dir='ltr'>tibus</span> <span class='ocrx_word' id='word_1_679' title='bbox 435 5555 566 5616; x_wconf 87' lang='lat' dir='ltr'>ceperunt</span> <span class='ocrx_word' id='word_1_680' title='bbox 578 5566 585 5603; x_wconf 75' lang='grc' dir='ltr'><strong>ε</strong></span> <span class='ocrx_word' id='word_1_681' title='bbox 598 5548 709 5619; x_wconf 79' lang='lat' dir='ltr'>plurirm</span> <span class='ocrx_word' id='word_1_682' title='bbox 728 5548 763 5605; x_wconf 87' lang='lat' dir='ltr'>dc</span> <span class='ocrx_word' id='word_1_683' title='bbox 778 5548 832 5605; x_wconf 91' lang='lat' dir='ltr'>illis</span> <span class='ocrx_word' id='word_1_684' title='bbox 847 5549 883 5606; x_wconf 89' lang='lat' dir='ltr'>de</span> <span class='ocrx_word' id='word_1_685' title='bbox 894 5561 986 5608; x_wconf 89' lang='lat' dir='ltr'>castro</span> <span class='ocrx_word' id='word_1_686' title='bbox 999 5554 1134 5611; x_wconf 87' lang='lat' dir='ltr'>interiecti</span> <span class='ocrx_word' id='word_1_687' title='bbox 1185 5569 1248 5613; x_wconf 87' lang='lat' dir='ltr'>cere</span> <span class='ocrx_word' id='word_1_688' title='bbox 1262 5556 1429 5625; x_wconf 82' lang='lat' dir='ltr'>noluissent,</span> <span class='ocrx_word' id='word_1_689' title='bbox 1451 5561 1643 5631; x_wconf 79' lang='lat' dir='ltr'>uuusquisque</span> <span class='ocrx_word' id='word_1_690' title='bbox 1655 5562 1778 5634; x_wconf 87' lang='lat' dir='ltr'>ipsorum</span> <span class='ocrx_word' id='word_1_691' title='bbox 1793 5582 1857 5623; x_wconf 93' lang='lat' dir='ltr'>eum</span> <span class='ocrx_word' id='word_1_692' title='bbox 1873 5569 1972 5625; x_wconf 76' lang='lat' dir='ltr'>corilu-</span> 
     </span>
     <span class='ocr_line' id='line_1_82' title="bbox 347 5638 1971 5721; baseline 0.015 -28"><span class='ocrx_word' id='word_1_693' title='bbox 347 5638 481 5708; x_wconf 71' lang='lat' dir='ltr'>conequi</span> <span class='ocrx_word' id='word_1_694' title='bbox 493 5653 593 5697; x_wconf 84' lang='lat' dir='ltr'>manus</span> <span class='ocrx_word' id='word_1_695' title='bbox 604 5649 762 5697; x_wconf 88' lang='lat' dir='ltr'>nostrorum</span> <span class='ocrx_word' id='word_1_696' title='bbox 773 5641 893 5713; x_wconf 78' lang='lat' dir='ltr'>elingere</span> <span class='ocrx_word' id='word_1_697' title='bbox 907 5660 962 5700; x_wconf 87' lang='lat' dir='ltr'>nou</span> <span class='ocrx_word' id='word_1_698' title='bbox 977 5655 1133 5716; x_wconf 84' lang='lat' dir='ltr'>potueruut.</span> <span class='ocrx_word' id='word_1_699' title='bbox 1186 5648 1265 5703; x_wconf 90' lang='lat' dir='ltr'>sione</span> <span class='ocrx_word' id='word_1_700' title='bbox 1278 5663 1293 5703; x_wconf 89' lang='lat' dir='ltr'>a</span> <span class='ocrx_word' id='word_1_701' title='bbox 1304 5649 1366 5705; x_wconf 94' lang='lat' dir='ltr'>loco</span> <span class='ocrx_word' id='word_1_702' title='bbox 1380 5650 1511 5721; x_wconf 82' lang='lat' dir='ltr'>colloquii</span> <span class='ocrx_word' id='word_1_703' title='bbox 1532 5653 1656 5708; x_wconf 87' lang='lat' dir='ltr'>recessit.</span> <span class='ocrx_word' id='word_1_704' title='bbox 1677 5653 1736 5711; x_wconf 78' lang='lat' dir='ltr'>lies</span> <span class='ocrx_word' id='word_1_705' title='bbox 1751 5673 1816 5715; x_wconf 86' lang='lat' dir='ltr'>vere</span> <span class='ocrx_word' id='word_1_706' title='bbox 1839 5659 1917 5715; x_wconf 81' lang='lat' dir='ltr'>irrisit</span> <span class='ocrx_word' id='word_1_707' title='bbox 1937 5661 1971 5717; x_wconf 87' lang='lat' dir='ltr'>ad</span> 
     </span>
     <span class='ocr_line' id='line_1_83' title="bbox 347 5728 2006 5815; baseline 0.015 -31"><span class='ocrx_word' id='word_1_708' title='bbox 347 5728 412 5785; x_wconf 89' lang='lat' dir='ltr'>lude</span> <span class='ocrx_word' id='word_1_709' title='bbox 427 5732 891 5806; x_wconf 86' lang='lat' dir='ltr'>redeuutesnostriCarcassonam,</span> <span class='ocrx_word' id='word_1_710' title='bbox 907 5754 962 5794; x_wconf 92' lang='lat' dir='ltr'>non</span> <span class='ocrx_word' id='word_1_711' title='bbox 976 5740 1062 5795; x_wconf 86' lang='lat' dir='ltr'>rrrulto</span> <span class='ocrx_word' id='word_1_712' title='bbox 1074 5750 1136 5810; x_wconf 84' lang='lat' dir='ltr'>pust</span> <span class='ocrx_word' id='word_1_713' title='bbox 1185 5740 1314 5796; x_wconf 85' lang='lat' dir='ltr'>comitem</span> <span class='ocrx_word' id='word_1_714' title='bbox 1324 5740 1552 5806; x_wconf 59' lang='lat' dir='ltr'>beatissimam</span> <span class='ocrx_word' id='word_1_715' title='bbox 1564 5748 1748 5815; x_wconf 87' lang='lat' dir='ltr'>maudavltci,</span> <span class='ocrx_word' id='word_1_716' title='bbox 1762 5750 1913 5807; x_wconf 84' lang='lat' dir='ltr'>domasset</span> <span class='ocrx_word' id='word_1_717' title='bbox 1926 5767 1973 5808; x_wconf 87' lang='lat' dir='ltr'>co-</span> <span class='ocrx_word' id='word_1_718' title='bbox 2002 5736 2006 5743; x_wconf 40' lang='lat'><strong>¹</strong></span> 
     </span>
     <span class='ocr_line' id='line_1_84' title="bbox 348 5820 1972 5908; baseline 0.014 -32"><span class='ocrx_word' id='word_1_719' title='bbox 348 5820 441 5878; x_wconf 86' lang='lat' dir='ltr'>ierunt</span> <span class='ocrx_word' id='word_1_720' title='bbox 464 5824 498 5880; x_wconf 89' lang='lat' dir='ltr'>ad</span> <span class='ocrx_word' id='word_1_721' title='bbox 517 5834 639 5882; x_wconf 90' lang='lat' dir='ltr'>castrum</span> <span class='ocrx_word' id='word_1_722' title='bbox 661 5827 852 5898; x_wconf 77' lang='lat' dir='ltr'>Apamiamm.</span> <span class='ocrx_word' id='word_1_723' title='bbox 878 5830 1019 5903; x_wconf 88' lang='lat' dir='ltr'>Siquidem</span> <span class='ocrx_word' id='word_1_724' title='bbox 1034 5848 1136 5889; x_wconf 88' lang='lat' dir='ltr'>couve-</span> <span class='ocrx_word' id='word_1_725' title='bbox 1185 5846 1245 5887; x_wconf 86' lang='lat' dir='ltr'>mes</span> <span class='ocrx_word' id='word_1_726' title='bbox 1258 5832 1287 5888; x_wconf 87' lang='lat' dir='ltr'>iu</span> <span class='ocrx_word' id='word_1_727' title='bbox 1300 5833 1443 5891; x_wconf 88' lang='lat' dir='ltr'>obsidione</span> <span class='ocrx_word' id='word_1_728' title='bbox 1453 5837 1572 5906; x_wconf 75' lang='lat' dir='ltr'>pral&#39;atae</span> <span class='ocrx_word' id='word_1_729' title='bbox 1583 5839 1884 5908; x_wconf 83' lang='lat' dir='ltr'>munitionis,utdaret</span> <span class='ocrx_word' id='word_1_730' title='bbox 1897 5851 1972 5899; x_wconf 83' lang='lat' dir='ltr'>beu·</span> 
     </span>
     <span class='ocr_line' id='line_1_85' title="bbox 348 5923 1973 6007; baseline 0.015 -36"><span class='ocrx_word' id='word_1_731' title='bbox 348 5925 449 5971; x_wconf 85' lang='lat' dir='ltr'>uerum</span> <span class='ocrx_word' id='word_1_732' title='bbox 467 5932 553 5990; x_wconf 87' lang='lat' dir='ltr'>prope</span> <span class='ocrx_word' id='word_1_733' title='bbox 576 5933 698 5979; x_wconf 87' lang='lat' dir='ltr'>castrum</span> <span class='ocrx_word' id='word_1_734' title='bbox 714 5923 780 5980; x_wconf 83' lang='lat' dir='ltr'>illud</span> <span class='ocrx_word' id='word_1_735' title='bbox 797 5939 845 5980; x_wconf 86' lang='lat' dir='ltr'>rex</span> <span class='ocrx_word' id='word_1_736' title='bbox 863 5925 1074 5998; x_wconf 72' lang='lat' dir='ltr'>arragonensis,</span> <span class='ocrx_word' id='word_1_737' title='bbox 1088 5940 1135 5981; x_wconf 90' lang='lat' dir='ltr'>co·</span> <span class='ocrx_word' id='word_1_738' title='bbox 1186 5941 1236 5998; x_wconf 71' lang='lat' dir='ltr'>gas</span> <span class='ocrx_word' id='word_1_739' title='bbox 1247 5926 1341 5982; x_wconf 83' lang='lat' dir='ltr'>comiti</span> <span class='ocrx_word' id='word_1_740' title='bbox 1356 5926 1424 5983; x_wconf 78' lang='lat' dir='ltr'>Furi</span> <span class='ocrx_word' id='word_1_741' title='bbox 1438 5930 1561 6000; x_wconf 85' lang='lat' dir='ltr'>usquein</span> <span class='ocrx_word' id='word_1_742' title='bbox 1574 5930 1680 5989; x_wconf 86' lang='lat' dir='ltr'>Pascba</span> <span class='ocrx_word' id='word_1_743' title='bbox 1690 5953 1698 5989; x_wconf 76' lang='grc' dir='ltr'><strong>ε</strong></span> <span class='ocrx_word' id='word_1_744' title='bbox 1709 5935 1783 6006; x_wconf 88' lang='lat' dir='ltr'>qual</span> <span class='ocrx_word' id='word_1_745' title='bbox 1796 5933 1900 5993; x_wconf 82' lang='lat' dir='ltr'>lactura</span> <span class='ocrx_word' id='word_1_746' title='bbox 1912 5949 1973 6007; x_wconf 71' lang='lat' dir='ltr'>esta</span> 
     </span>
     <span class='ocr_line' id='line_1_86' title="bbox 349 6006 1698 6091; baseline 0.015 -28"><span class='ocrx_word' id='word_1_747' title='bbox 349 6020 408 6064; x_wconf 83' lang='lat' dir='ltr'>urea</span> <span class='ocrx_word' id='word_1_748' title='bbox 420 6006 527 6067; x_wconf 77' lang='lat' dir='ltr'>Tolera</span> <span class='ocrx_word' id='word_1_749' title='bbox 538 6023 565 6068; x_wconf 90' lang='lat' dir='ltr'>ct</span> <span class='ocrx_word' id='word_1_750' title='bbox 577 6026 671 6070; x_wconf 88' lang='lat' dir='ltr'>comes</span> <span class='ocrx_word' id='word_1_751' title='bbox 682 6011 763 6085; x_wconf 73' lang='lat' dir='ltr'>Puri,</span> <span class='ocrx_word' id='word_1_752' title='bbox 778 6025 810 6070; x_wconf 89' lang='lat' dir='ltr'>ut</span> <span class='ocrx_word' id='word_1_753' title='bbox 821 6014 943 6073; x_wconf 84' lang='lat' dir='ltr'>iacerent</span> <span class='ocrx_word' id='word_1_754' title='bbox 958 6032 1052 6088; x_wconf 80' lang='lat' dir='ltr'>pacem</span> <span class='ocrx_word' id='word_1_755' title='bbox 1065 6017 1136 6073; x_wconf 89' lang='lat' dir='ltr'>inter</span> <span class='ocrx_word' id='word_1_756' title='bbox 1186 6027 1275 6089; x_wconf 77' lang='lat' dir='ltr'>capta</span> <span class='ocrx_word' id='word_1_757' title='bbox 1286 6029 1349 6076; x_wconf 87' lang='lat' dir='ltr'>sunt</span> <span class='ocrx_word' id='word_1_758' title='bbox 1362 6020 1398 6076; x_wconf 87' lang='lat' dir='ltr'>ab</span> <span class='ocrx_word' id='word_1_759' title='bbox 1410 6022 1536 6091; x_wconf 85' lang='lat' dir='ltr'>hostibus</span> <span class='ocrx_word' id='word_1_760' title='bbox 1546 6032 1574 6081; x_wconf 88' lang='lat' dir='ltr'>ct</span> <span class='ocrx_word' id='word_1_761' title='bbox 1588 6022 1698 6083; x_wconf 81' lang='lat' dir='ltr'>dirutae.</span> 
     </span>
    </p>
   </div>
   <div class='ocr_carea' id='block_1_22' title="bbox 0 0 2187 6708">
    <p class='ocr_par' dir='ltr' id='par_1_23' title="bbox 0 0 2187 6708">
     <span class='ocr_line' id='line_1_87' title="bbox 0 0 2187 6708; baseline 0 0"><span class='ocrx_word' id='word_1_762' title='bbox 0 0 2187 6708; x_wconf 95' lang='lat' dir='ltr'> </span> 
     </span>
    </p>
   </div>
  </div>
 </body>
</html>
