4350 6709
271 528 324 584 999
462 552 473 573 .
885 509 1048 568 annullat
1067 511 1204 571 SECUbl
1222 509 1277 567 xtl.
1838 516 1905 568 totto

307 638 375 695 ltem
386 636 503 693 consilio
517 634 641 707 eiusdem
657 629 830 704 imperatoris
845 627 1019 687 Constantini
1034 626 1062 682 in
1075 631 1101 689 Α
1115 630 1225 678 uocatru
1242 635 1258 676 a
1274 621 1456 679 Constantino
1480 619 1569 678 deluit
1593 622 1671 680 senio
1689 631 1833 695 gravatus,
1861 629 1906 682 sed

271 732 341 787 urbe
349 727 437 785 Roma
447 727 623 799 congregavit
633 740 776 782 cccxxxvii
790 722 945 794 episcopos.
954 721 1063 777 etdam·
1113 729 1164 786 pro
1178 729 1212 770 eo
1226 712 1305 770 litus
1319 722 1347 771 et
1361 712 1521 773 Vincentius
1537 717 1690 789 presbyteri
1708 716 1905 777 interfuerunt.

272 821 349 878 navit
363 820 462 876 iterum
477 828 532 874 tam
547 819 693 882 Calistum,
704 831 787 889 quarn
801 814 908 881 Arium,
920 819 948 869 et
960 810 1062 867 'Pboti·
1114 805 1172 863 Sub
1187 805 1240 863 boc
1253 805 1335 863 Arius
1349 814 1377 863 et
1391 806 1513 865 lautores
1528 808 1599 879 ejus,
1617 810 1907 893 quiconsubstantia-

272 930 337 972 „um
354 922 437 983 „que
454 909 614 967 smmum,
630 908 779 966 eonsgpuyg
798 908 891 971 guam,
905 914 936 962 ur
949 905 1063 977 presby.
1113 897 1198 953 litatis
1221 898 1304 954 uerbo
1318 898 1529 970 derogaverunt,
1545 899 1667 971 plenarie
1690 898 1814 955 damuati
1830 906 1906 956 sunt.

271 1016 361 1062 terum
375 1002 725 1072 Ariauumreslpiscenlem
739 1014 819 1055 nemo
834 997 996 1068 susciperet,
1007 995 1062 1050 uisi
1114 985 1166 1054 0¹¹¹
1186 987 1268 1043 eliam
1290 987 1341 1044 ⁵1¹1)
1354 988 1518 1045 C⁰n⁸ll¹¹¹fi⁰
1535 988 1591 1044 fl¹i0
1611 987 1790 1046 C⁰¹¹⁸lt¹¹¹i¹¹i
1804 989 1909 1051 Amuli

271 1100 418 1170 episcopus
432 1097 555 1167 ejusdem
571 1094 624 1151 loci
638 1110 699 1150 eum
715 1092 915 1155 reconciliaret,
931 1097 958 1146 et
969 1103 1063 1144 sacro-
1114 1079 1304 1137 tribultliosset
1318 1080 1450 1137 tletsffia
1465 1095 1661 1151 permenses
1673 1089 1908 1158 perpessuspotl

272 1198 370 1246 sancto
383 1189 533 1244 chrismam
544 1201 593 1258 per
607 1201 706 1241 manus
725 1181 1063 1256 impositionemmman-
1113 1169 1172 1226 ιιι
1183 1186 1352 1243 nonmagna
1365 1171 1452 1243 grona
1466 1172 1499 1227 ao
1515 1171 1607 1228 sedem
1618 1188 1696 1229 suam
1712 1180 1907 1237 reversusest.
1943 1254 1947 1265 Ι

272 1281 310 1335 ιιι
330 1278 450 1351 Spiritus
465 1278 562 1350 gratia,
586 1292 646 1347 qrrae
665 1276 700 1332 ab
714 1274 851 1330 hereticis
866 1273 925 1329 dari
942 1288 996 1328 non
1012 1288 1063 1343 po-
1114 1263 1137 1317 Α
1153 1279 1207 1335 quo
1221 1265 1303 1320 otiam
1317 1262 1348 1320 B.
1372 1263 1495 1320 Donatus
1508 1265 1656 1336 episcopus
1669 1279 1852 1325 consecratus
1865 1277 1907 1328 est

272 1380 337 1437 κει,
352 1387 413 1428 em„
423 1370 608 1426 confingam,
623 1366 652 1422 1„
666 1382 720 1438 qua
734 1367 816 1422 eriam
831 1362 936 1436 synodo
946 1379 1064 1420 consen.
1114 1355 1208 1411 bricii.
1220 1355 1347 1412 Canunes
1361 1356 1458 1413 statuit
1470 1372 1519 1438 ιιι.
1529 1356 1555 1413 ι.
1569 1355 1630 1413 lion
1643 1373 1704 1415 esse
1719 1361 1906 1418 accusandum

272 1479 305 1520 su
329 1468 357 1518 et
381 1461 584 1532 subscriptione
608 1458 731 1514 omnium
761 1456 943 1511 constitutum
968 1461 1064 1510 estut
1114 1449 1284 1522 episcopum,
1307 1449 1363 1505 nisi
1387 1449 1560 1522 inlegitima
1585 1451 1700 1523 synodo.
1717 1451 1746 1508 2.
1761 1451 1822 1509 Non
1846 1470 1906 1513 esse

272 1555 366 1613 nullus
381 1554 467 1610 laicus
481 1553 583 1608 clerico
601 1551 706 1606 crimen
720 1549 820 1604 audeat
835 1545 945 1611 inferre,
965 1553 992 1600 ct
1007 1561 1063 1602 nou
1114 1539 1300 1597 damnandum
1315 1541 1474 1612 episcopum
1486 1542 1546 1616 sine
1557 1545 1690 1599 sententia
1707 1545 1782 1602 sedis
1796 1558 1906 1619 aposto-

271 1656 380 1702 tantum
401 1646 436 1701 de
454 1645 602 1716 episcopis,
618 1643 666 1700 sel
687 1648 715 1698 et
729 1642 763 1697 de
777 1641 906 1698 omnibus
920 1639 1075 1698 ordinibus.
1114 1632 1183 1688 licae.
1200 1631 1227 1688 5.
1244 1630 1282 1686 De
1303 1633 1455 1704 peregrinis
1471 1632 1595 1702 iudiciis.
1610 1633 1638 1690 l.
1655 1632 1693 1692 De
1712 1636 1862 1696 confessis.
1878 1639 1906 1696 5.

273 1737 450 1798 clericorum,
464 1749 514 1790 nec
526 1730 745 1788 ullusinlerioris
760 1729 865 1785 ordinis
880 1729 1066 1784 aduersussu·
1115 1722 1161 1788 Ut,
1177 1722 1224 1795 qui
1240 1723 1357 1779 crimina
1378 1723 1534 1790 intendunt,
1551 1741 1600 1796 per
1614 1742 1644 1782 se
1664 1737 1806 1788 accusent.
1823 1730 1852 1789 6.
1868 1731 1905 1790 bs

252 1880 254 1884 ,
273 1830 409 1901 petimen,
422 1830 466 1884 geg
482 1827 684 1905 aegusagongm
695 1825 831 1895 anquam
847 1830 875 1879 ey
888 1838 943 1878 110„
951 1824 1064 1879 damna.
1115 1815 1305 1887 appellatione.
1323 1816 1347 1875 7,
1364 1814 1404 1872 Ne
1424 1817 1653 1874 excommunicati
1672 1830 1813 1880 accusent.
1832 1822 1905 1881 Con·

272 1921 347 1976 bitur
361 1920 471 1990 praesul,
496 1919 551 1974 nisi
565 1919 594 1973 in
615 1933 701 1982 ιιιιι,
720 1932 809 1988 neque
824 1931 948 1974 summus
963 1914 1063 1988 praesul
1115 1908 1204 1963 stilti!
1218 1916 1360 1979 limeret,
1376 1918 1407 1964 ut
1422 1911 1513 1966 nullus
1528 1911 1646 1968 clericus
1663 1928 1773 1971 causam
1788 1918 1901 1989 quamli-

273 2026 288 2066 a
308 2026 446 2083 quoquam
456 2010 612 2080 judicetur·
633 2008 777 2080 presbyter
795 2016 887 2064 autem
903 2008 1061 2074 cardinalis,
1078 1978 1160 2057 ΒΜ
1170 2003 1198 2057 ἱῐῑ
1213 2001 1323 2073 P⁰b¹i⁰0
1338 2010 1441 2073 adeleis
1457 2004 1511 2060 disi
1526 2003 1554 2059 1¹¹
1580 2006 1708 2072 ecclesia,
1720 2014 1746 2064 et
1757 2009 1858 2064 1¹⁰lili³
1872 2010 1907 2066 ss·-

274 2101 327 2157 nisi
352 2102 382 2156 in
395 2099 577 2173 quadraginta
602 2107 721 2171 quatuor
738 2100 854 2156 testibus
876 2099 1062 2156 damnabitur.
1115 2094 1212 2151 deliter
1231 2111 1280 2165 per
1292 2095 1415 2150 notarios
1429 2095 1614 2168 colligeretur,
1630 2104 1657 2154 et
1678 2097 1734 2154 sire
1747 2102 1906 2168 cautiones,

272 2191 410 2249 Diaconos
421 2192 568 2248 cardinalis
580 2192 633 2247 nisi
648 2208 748 2259 ιιιιι;
763 2191 958 2255 subdiaconus,
972 2192 1064 2264 acoly-
1116 2189 1174 2244 sire
1188 2188 1383 2256 iustrumenta,
1408 2196 1457 2243 aut
1472 2187 1635 2246 donationes
1649 2190 1693 2245 rel
1714 2193 1900 2248 commutatio

272 2284 349 2349 tlrus,
372 2285 520 2353 exorcista,
542 2285 638 2350 lector,
663 2284 804 2348 ostiarius,
826 2282 881 2338 nisi
898 2299 925 2338 ιι
948 2284 1064 2340 testibus
1115 2294 1176 2345 nes,
1194 2288 1241 2334 eut
1261 2280 1435 2346 traditiones,
1449 2281 1493 2336 rel
1515 2288 1689 2350 testamenta,
1703 2291 1751 2338 aut
1763 2284 1905 2357 allegatio·

272 2377 513 2433 condemnabitur.
537 2374 634 2433 Testes
649 2383 751 2439 autem,
773 2381 801 2430 et
816 2383 990 2432 accusatores
1004 2375 1065 2432 sine
1114 2388 1175 2439 nes,
1191 2374 1233 2430 rel
1253 2375 1483 2432 manumissiones
1499 2390 1515 2430 a
1530 2375 1638 2433 clericis
1657 2376 1684 2432 in
1704 2378 1820 2435 ecclesia
1835 2380 1907 2435 cele·

272 2467 364 2538 aliqua
377 2468 432 2524 sint
443 2466 567 2534 iulamia,
580 2482 682 2523 uxores
689 2475 717 2523 et
731 2466 803 2523 illios
816 2467 958 2533 babentes,
967 2473 995 2524 et
1005 2482 1065 2524 om·
1115 2463 1271 2522 locarentur.
1294 2464 1376 2521 lustu
1390 2465 1554 2524 Chronicam
1575 2465 1736 2540 Hieronymi
1755 2458 1845 2528 anuos
1860 2485 1906 2538 ιι,

273 2559 342 2614 uino
365 2557 506 2616 Christum
529 2559 720 2631 praedicautes.
748 2557 948 2616 Testimonium
970 2559 1064 2615 clerici
1115 2572 1225 2614 menses
1249 2572 1278 2613 ιι
1304 2574 1393 2630 nsque
1418 2563 1452 2614 ad
1475 2558 1637 2615 uicesimum
1659 2559 1835 2620 Constantini
1855 2579 1905 2620 au·

273 2651 1065 2724 aduersuslaicumnemorecipiatllemoclericumquem·
1114 2663 1191 2705 num.

173 2730 177 2737 ’
272 2746 339 2802 libet
352 2747 380 2800 in
394 2746 506 2819 publico
520 2747 677 2802 examinare
688 2751 846 2817 presumat,
857 2744 913 2800 nisi
927 2746 955 2800 in
969 2741 1065 2799 Eccle·
1151 2741 1430 2813 lllllillll.Liberius.
1441 2748 1552 2805 natione
1562 2746 1714 2814 Romanus,
1727 2763 1763 2806 ex
1776 2746 1907 2820 patruli·

272 2835 324 2891 sia.
338 2833 426 2895 llemo
439 2835 522 2891 etiam
537 2835 707 2892 clericusrel
716 2837 850 2892 diaconus
866 2835 910 2891 uel
921 2834 1066 2907 presbyter
1115 2842 1206 2906 gusto.
1223 2834 1317 2893 Annos
1328 2855 1366 2903 ιι,
1379 2854 1488 2897 menses
1502 2856 1541 2899 ιι.
1555 2837 1585 2896 ln
1596 2839 1734 2897 Chronica
1745 2839 1906 2914 Hieronymi

272 2926 552 3011 proplq'quamlibet
568 2941 680 2982 causam
700 2927 783 2982 intret
803 2926 917 2990 curiam,
934 2940 986 2981 nec
1001 2931 1065 2982 ante
1114 2942 1173 2982 ιιιι
1197 2943 1295 2995 annos,
1312 2945 1401 3003 usque
1414 2930 1448 2986 acl
1472 2948 1491 2987 ιι
1514 2930 1698 2988 Valentiniani
1723 2947 1836 2989 annum.
1853 2931 1907 3001 Qui

269 3002 529 3099 jrffl'jelirctum
541 3034 654 3076 causam
663 3019 729 3074 dare
745 3025 903 3089 praesumat.
918 3017 986 3074 Etsi
1001 3019 1065 3090 quis
1115 3030 1179 3073 cum
1190 3017 1365 3086 Constantio,
1382 3021 1438 3077 lilio
1449 3020 1622 3079 Constantini
1643 3023 1784 3080 consensit
1794 3023 1828 3080 ad
1844 3038 1907 3096 per·

274 3098 548 3185 cleffltsccusaus
569 3109 700 3166 clericum
714 3109 820 3163 curiam
835 3109 981 3173 introierit,
997 3124 1064 3165 ana-
1115 3109 1284 3180 sequendum
1299 3110 1481 3170 Christianos.
1504 3112 1630 3169 Liberius
1652 3114 1686 3169 ab
1700 3115 1799 3171 exsilio
1814 3129 1907 3171 rerer·

273 3203 365 3259 tbema
380 3203 525 3273 suscipiat.
550 3201 624 3258 luter
637 3209 736 3258 caetera
750 3201 778 3256 in
794 3200 933 3271 praedicta,
948 3203 1065 3259 consilio
1115 3215 1174 3268 sus,
1186 3202 1305 3272 primum
1321 3202 1483 3269 catholicus,
1499 3214 1593 3275 postea
1601 3205 1740 3262 consensit
1754 3207 1783 3260 in
1798 3204 1906 3261 heresi.

273 3296 406 3360 omnium,
423 3296 519 3352 statuit
532 3297 648 3368 synodo,
663 3302 694 3351 ut
714 3295 879 3352 sacrillcium
900 3295 995 3354 altaris
1009 3311 1100 3385 ncnc
1117 3292 1234 3367 Scripsit
1252 3295 1396 3367 epistolam
1414 3298 1550 3354 universis
1569 3297 1716 3370 episcopis,
1731 3298 1761 3353 in
1774 3313 1829 3370 qua
1842 3295 1907 3353 dili·

273 3383 307 3442 ln'
314 3388 403 3443 serico
410 3402 502 3459 panno
513 3399 560 3442 aut
575 3387 692 3442 intincto
700 3378 846 3459 quisquam
855 3387 992 3444 celebrare
999 3402 1066 3459 prae·
1117 3389 1225 3460 gentius
1239 3403 1287 3445 cos
1305 3389 1484 3454 commonuit,
1506 3404 1543 3445 ne
1560 3388 1654 3460 plebes
1671 3388 1723 3445 sibl
1744 3389 1908 3445 commissas

274 3487 405 3544 sumeret,
421 3479 468 3535 sed
483 3479 595 3551 inpuro
610 3480 691 3545 lineo,
701 3483 736 3534 ab
749 3479 877 3550 episcopo
891 3488 1063 3551 consecrato,
1116 3480 1282 3552 relinquant,
1297 3487 1325 3537 et
1339 3495 1374 3537 ne
1385 3488 1498 3552 propter
1513 3481 1690 3552 opprobrium
1709 3481 1844 3536 malorum
1855 3479 1907 3535 bo-

274 3577 384 3626 terreno
393 3587 439 3628 seu
457 3571 513 3628 lino
527 3580 669 3644 procreato
677 3578 758 3643 atque
771 3578 910 3638 contexto,
922 3572 994 3628 sicut
1003 3588 1064 3627 cor·
1116 3573 1220 3630 minum
1233 3572 1319 3644 quieti
1336 3585 1366 3628 se
1382 3572 1502 3637 tradant,
1518 3579 1545 3628 ct
1565 3580 1595 3627 ut
1616 3587 1645 3629 se
1659 3572 1833 3629 solummodo
1850 3573 1907 3629 sal-

273 3679 326 3735 pus
340 3664 448 3722 Domini
459 3670 546 3724 nostri
557 3667 623 3724 lesu
631 3667 734 3725 Christi
748 3669 776 3723 in
792 3667 906 3724 sindone
919 3666 1064 3723 mundali-
1115 3672 1179 3722 veut
1194 3686 1201 3721 ι
1218 3665 1289 3721 filios
1304 3665 1507 3736 orphanosnon
1521 3665 1688 3737 relinquant.
1703 3664 1757 3732 Qui
1769 3668 1906 3721 otiamur-

274 3772 326 3814 nea
342 3760 478 3830 sepultum
495 3760 556 3817 luit.
574 3760 724 3817 Constituit
737 3761 831 3826 etiam,
854 3768 884 3816 ut
898 3761 1064 3831 baptizatum
1115 3753 1219 3810 dinavit
1234 3753 1390 3825 sepulcrum
1406 3751 1494 3810 Beatae
1507 3752 1618 3825 Agnetis
1634 3768 1780 3811 marmore.

273 3853 353 3908 liniat
366 3853 517 3925 presbyter.
527 3851 603 3908 Fecit
616 3853 697 3908 etium
708 3852 930 3923 ordinationcsyr
943 3853 1063 3926 dielbri),
1149 3846 1294 3905 xxxvlll.
1310 3846 1386 3904 Felix
1402 3845 1435 3910 ll,
1450 3852 1564 3918 martyr,
1580 3846 1691 3903 natione
1704 3844 1857 3916 Romanus,
1872 3864 1906 3906 ex

274 3960 369 4002 meuse
384 3944 537 4008 Decembri.
565 3947 741 4018 presbyteros
755 3962 822 4011 ιιιι,
840 3946 971 4003 diaconos
998 3962 1063 4013 ιιι,
1114 3940 1351 4014 patrednastaslo.
1365 3939 1538 4012 (insonum
1552 3955 1573 4003 ι,
1585 3954 1693 3996 menses
1704 3940 1905 3999 uninterexsn·

274 4035 420 4106 episcopos
441 4050 490 4105 per
511 4033 621 4091 diuersa
644 4035 704 4091 loca
719 4052 801 4093 ιιιι.
825 4037 948 4102 Colobia,
965 4038 1065 4109 quibus
1115 4033 1200 4089 latum
1218 4033 1319 4090 liberii
1342 4047 1414 4088 anno
1435 4047 1472 4086 xx
1486 4031 1670 4088 Constantini.
1688 4033 1741 4100 Qui
1755 4033 1905 4090 declararit

275 4125 353 4193 prius
367 4125 483 4194 apostoli
498 4125 657 4189 utebantur,
674 4125 778 4196 absque
791 4128 918 4192 manicis,
941 4143 1065 4183 commu·
1114 4125 1318 4192 Constantium,
1331 4125 1415 4181 lilium
1437 4124 1611 4181 Constantini
1628 4124 1796 4191 haereticum,
1821 4133 1849 4182 et
1861 4141 1905 4183 se-

275 4216 343 4270 tarit
365 4215 393 4269 in
406 4215 578 4278 dalmaticas,
601 4215 733 4286 appositis
749 4217 875 4274 manicis.
897 4217 989 4275 Pridie
1003 4218 1064 4278 llal.
1115 4218 1207 4275 cundo
1220 4221 1255 4274 ab
1270 4217 1390 4274 Eusebio
1399 4216 1565 4274 Nicomediae
1579 4218 1709 4290 episcopo
1722 4219 1903 4291 baptizatum,

274 4303 337 4362 lan.
358 4307 437 4371 obiit,
452 4315 480 4362 et
500 4305 625 4377 sepultus
638 4313 681 4362 est
695 4307 723 4361 ιιι
743 4308 903 4366 cmmcterio
920 4309 1064 4378 Priscillae,
1115 4319 1143 4368 et
1161 4311 1240 4382 juxta
1255 4317 1420 4382 preceptum
1441 4309 1563 4381 ejusdem
1578 4309 1732 4366 Constantii
1748 4311 1840 4381 capite
1857 4310 1905 4368 de·

274 4398 319 4452 via
336 4396 451 4454 Salaria.
475 4397 555 4454 lledit
569 4398 651 4456 etiam
674 4399 826 4466 decretum,
842 4403 1000 4470 ostendens,
1017 4406 1064 4477 quui
1115 4410 1270 4460 tmncatur.
1290 4402 1416 4459 Liberius
1428 4403 1462 4459 ab
1471 4404 1568 4460 exsilio
1584 4417 1711 4459 reuersus
1720 4403 1905 4459 restituitura

275 4487 388 4544 ordines
411 4487 512 4558 quibus
531 4488 648 4545 debeant
669 4504 731 4545 esse
757 4491 869 4548 subditi.
887 4492 967 4560 Dicit,
992 4496 1065 4567 quod
1115 4494 1290 4553 Constantio,
1306 4492 1383 4550 Felix
1398 4510 1426 4549 ιι
1440 4509 1561 4551 canones
1582 4493 1688 4550 statuit.
1705 4493 1732 4550 ι.
1749 4492 1786 4548 lle
1809 4502 1905 4564 peteu-

276 4580 418 4652 presbyter
432 4580 572 4652 episcopo,
588 4582 721 4637 diaconus
736 4584 905 4656 presbytero,
919 4587 1066 4644 subdiaco-
1116 4588 1159 4645 dis
1168 4587 1296 4654 induciis,
1309 4588 1395 4658 utqui
1405 4586 1501 4642 timent
1516 4586 1618 4649 locum,
1627 4586 1679 4641 sibi
1692 4591 1779 4641 tutum
1791 4585 1903 4657 eligant.

276 4688 330 4728 nus
341 4673 468 4738 diacono,
484 4675 627 4747 acolythus
638 4673 816 4740 subdiacono,
830 4676 915 4733 lector
925 4680 1062 4752 acolytho,
1079 4679 1142 4745 pt.
1159 4678 1198 4735 lle
1211 4678 1363 4736 didereutia
1387 4678 1582 4735 ecclesiastice
1595 4687 1622 4733 et
1639 4676 1779 4734 secularis
1802 4692 1903 4734 cause.

275 4767 412 4822 exorcista
435 4766 543 4832 lectori,
566 4766 711 4822 exorcistae
727 4767 868 4833 ostiarius,
892 4769 977 4828 abbas
996 4772 1063 4828 obe·
1117 4773 1144 4832 3.
1164 4773 1319 4830 Accusatus
1339 4773 1459 4845 legitime
1473 4771 1508 4827 ad
1523 4772 1669 4828 concilium
1691 4773 1731 4827 ire
1745 4770 1855 4829 debere.
1871 4771 1899 4829 d.

275 4856 335 4912 dire
350 4856 430 4912 debet
445 4858 569 4925 ostiario,
586 4860 738 4916 monachus
751 4861 854 4918 abbati.
1115 4865 1172 4938 (58)
1187 4865 1240 4934 Qui
1250 4883 1302 4921 non
1313 4864 1423 4921 debeant
1437 4863 1544 4919 admitti
1551 4863 1586 4919 ad
1595 4865 1790 4919 remeationem
1803 4864 1904 4936 episco-

311 4949 420 5007 xxxv.
436 4949 555 5017 Marcus,
572 4953 685 5008 natione
698 4951 849 5017 Romanus,
861 4970 894 5011 ex
909 4964 988 5025 patre
1003 4952 1060 5010 Pri·
1113 4972 1218 5029 porum.

275 5057 334 5100 sco.
350 5045 444 5098 Annos
463 5057 494 5108 u,
517 5058 625 5100 menses
646 5060 674 5100 ιι
688 5061 776 5117 usque
791 5049 825 5102 ad
841 5063 877 5101 ιι
890 5047 1063 5102 Constantini
1151 5049 1285 5108 Damasus
1298 5059 1362 5122 post
1372 5050 1511 5107 Liberium
1527 5064 1577 5121 per
1592 5049 1798 5106 successionem
1812 5063 1904 5107 sacer·

253 5185 258 5217 ,
276 5153 389 5194 annum.
404 5141 434 5196 lu
444 5136 581 5193 Chronica
596 5137 752 5212 llieronyrni
768 5156 876 5197 menses
890 5157 918 5196 ιι
933 5142 1065 5198 uicesimo
1114 5141 1218 5197 dotium
1234 5142 1262 5197 in
1287 5143 1355 5198 urbe
1370 5140 1456 5197 Roma
1472 5148 1641 5212 susceperat,
1662 5154 1744 5211 quem
1760 5141 1904 5212 praelatum

254 5222 257 5230 '
274 5230 371 5302 quinto
391 5227 564 5285 Constantini
579 5243 660 5285 anno.
680 5229 818 5286 Canonem
834 5231 946 5296 statuit,
966 5240 995 5286 ut
1006 5231 1065 5302 epi·
1115 5233 1168 5289 sibi
1185 5248 1240 5288 nou
1263 5234 1354 5290 terens
1369 5232 1488 5290 Ursinus
1501 5232 1613 5304 quidam
1636 5231 1759 5300 eiusdem
1774 5229 1905 5306 Ecclesia

275 5337 377 5394 scopus
399 5321 529 5387 civitatis,
556 5322 666 5393 qrraudo
682 5320 787 5378 hostias
808 5333 962 5391 consecrat,
981 5327 1064 5395 pallio
1114 5327 1248 5383 diaconus
1262 5326 1291 5382 iu
1305 5334 1413 5381 tantum
1428 5322 1639 5394 luroriseruplt,
1653 5329 1683 5377 ut
1697 5337 1904 5395 persuasoquo

274 5424 406 5471 uteretur.
423 5412 496 5470 Obiit
514 5413 601 5471 Nonis
616 5412 713 5471 0ctob.
731 5422 758 5471 et
773 5418 895 5488 sepultus
908 5424 950 5474 est
965 5419 993 5474 in
1007 5434 1064 5476 cm-
1115 5417 1177 5473 dam
1190 5417 1259 5474 satis
1273 5417 1401 5490 imperito
1419 5424 1447 5472 et
1461 5414 1563 5487 agresti
1575 5414 1704 5485 episcopo
1719 5414 1835 5470 collecta
1846 5424 1900 5469 tur·

275 5506 389 5562 metello
404 5505 525 5562 Balbinae
538 5507 582 5562 ιιι
596 5505 755 5563 Ardeatino
1115 5512 1289 5567 bulentorum
1304 5518 1332 5566 et
1347 5510 1539 5568 seditiosorum
1554 5522 1637 5562 mauu
1653 5507 1682 5561 iu
1701 5507 1828 5571 basilica,
1844 5522 1904 5579 quar

310 5595 546 5665 nstitutus,
562 5599 672 5654 natione
686 5575 839 5665 Romanus,
860 5614 894 5656 ex
915 5608 993 5672 patre
1007 5600 1065 5658 liu·
1117 5600 1240 5658 sicinina
1253 5603 1416 5675 appellatur,
1428 5603 1587 5674 episcopum
1603 5615 1633 5656 se
1644 5599 1702 5656 lieri
1717 5586 1917 5672 ιιιιοιιιιιοιιι.Ι

275 5689 356 5748 stium
371 5690 467 5749 Annos
480 5707 526 5759 ιι,
543 5706 652 5750 meuses
666 5707 697 5749 ιι.
718 5691 771 5759 Qui
785 5693 814 5748 iu
826 5691 935 5749 Nicaena
959 5696 1064 5767 synodo
1115 5696 1231 5768 legibus,
1241 5704 1268 5753 et
1279 5696 1423 5762 ordine,et
1433 5695 1581 5752 traditione
1592 5694 1739 5766 perversis.
1750 5692 1811 5763 Quo
1821 5709 1854 5751 er
1864 5693 1892 5751 ia
1912 5676 1917 5713 ⁸

311 5829 368 5900 (56)
384 5828 431 5885 Sic
443 5831 506 5888 cod.
1114 5834 1230 5891 ecclesia
1244 5833 1387 5890 ordinatus
1400 5841 1452 5889 est.

277 5969 283 5981 .
312 5899 369 5983 lily
384 5901 447 5982 dlis
466 5920 571 5968 aranos,
589 5904 728 5959 ιιιιιιιιιιιι
741 5902 838 5958 seculo
849 5920 899 5960 ιιιι
915 5906 1064 5960 recentior:
1151 5905 1207 5978 (58)
1223 5905 1320 5961 llddita
1336 5904 1438 5960 adleta
1454 5918 1548 5960 manu.

277 5979 328 6026 rste
340 5971 442 6027 ducitur
453 5988 514 6030 esse
530 5973 657 6049 Ursinus,
678 5975 858 6066 guileteutcr
872 5977 900 6030 in
915 5974 1062 6033 Siciuieusi
