4350 6709
280 526 347 617 est
531 556 720 647 mntouns
739 558 784 616 ou
802 558 999 619 contulero
1019 560 1152 618 anonts
1171 558 1226 616 ost
1246 558 1453 618 truncus
1475 558 1638 619 uotosn.
1854 567 1913 624 aas:

279 676 417 742 shniliter,
432 673 506 729 omni
519 674 642 745 periculo
655 676 752 734 mortis
768 678 927 751 temporalis
943 694 987 734 me
1001 680 1064 735 sub
1080 681 1102 739 A
1118 679 1299 735 monasticum
1309 678 1432 734 ordinem
1439 677 1697 735 accederevolentes
1706 679 1780 750 quud
1791 694 1912 741 cunctos

278 768 363 839 jieere
377 781 499 838 possum.
531 766 737 832 Quantumlibet
753 769 825 824 enim
838 784 1018 840 praecaveam,
1032 785 1068 826 ne
1118 772 1271 827 coenobitas
1284 778 1420 827 noverunt
1435 784 1577 827 murmure
1590 773 1744 844 corrumpi,
1759 774 1917 841 detractio-

277 856 392 925 moriar,
407 858 574 914 constitutos
590 867 681 916 tamen
700 861 797 916 mortis
807 861 940 917 terminos
952 871 1066 933 praeter·
1117 862 1200 918 nibus
1216 862 1301 925 inlici,
1319 861 1414 916 litihus
1424 859 1580 917 dissociari.

279 949 320 1003 ire
347 964 403 1004 nun
420 949 508 1005 valeo.
526 948 584 1007 lloc
601 959 692 1007 autem
714 953 891 1010 considerare
910 955 1066 1020 mederet,
1152 955 1235 1010 Amor
1245 955 1294 1009 ilci
1305 971 1315 1010 .·
1326 954 1385 1009 Non
1403 967 1509 1015 omnes,
1533 953 1580 1008 sed
1605 953 1716 1024 putidam
1744 954 1836 1012 iniis.
1853 954 1914 1011 hltt

277 1039 353 1109 quod
363 1040 567 1110 praedestinatio
582 1043 709 1112 precibus
724 1044 860 1114 impletur.
871 1044 938 1099 Nam
948 1045 1066 1102 obtineri
1116 1060 1183 1102 vero
1206 1047 1310 1102 instant
1338 1047 1459 1109 lectioni,
1489 1052 1518 1100 nt
1541 1045 1723 1111 erudiantur,
1743 1047 1860 1102 orationi
1880 1055 1913 1102 nt

276 1131 405 1203 precibus
420 1147 475 1188 non
486 1143 612 1204 possum,
627 1151 688 1205 qnae
706 1135 897 1207 praedestinata
912 1154 968 1193 non
987 1145 1064 1195 sunt.
1119 1138 1317 1208 purillcentur;
1333 1138 1421 1208 operi,
1438 1146 1469 1191 ut
1493 1136 1693 1193 beatificentur.
1720 1138 1753 1193 Et
1778 1153 1840 1193 cnm
1861 1139 1907 1193 alil

278 1219 333 1277 Sed
344 1222 404 1293 ipsa
422 1236 550 1295 perenms
570 1226 646 1295 regni
659 1227 862 1297 praedestinatio
874 1231 911 1283 ita
929 1229 963 1285 ab
976 1229 1067 1284 omni·
1116 1245 1256 1285 murmure
1270 1244 1318 1284 seu
1333 1229 1501 1283 detractione
1516 1244 1546 1283 se
1559 1228 1695 1291 iniciunt,
1712 1230 1756 1285 isti
1765 1245 1797 1286 se
1805 1232 1912 1288 vienna

278 1321 390 1385 putente
408 1313 464 1371 lieo
478 1317 614 1388 disposita
637 1327 690 1384 est,
706 1329 737 1375 ut
750 1321 830 1376 electi
854 1322 887 1376 ad
901 1322 953 1378 boc
968 1338 1065 1394 perve-
1116 1321 1263 1377 collatione
1278 1320 1415 1381 rellciunt,
1431 1302 1575 1390 praeceptis
1597 1320 1757 1378 Dominicis-
1772 1325 1911 1394 excitant,

277 1407 365 1472 niant,
381 1416 517 1479 qutatenus
528 1410 632 1464 orando
656 1420 812 1467 mereantur
833 1414 976 1484 accipere,
992 1414 1066 1486 qrtod
1115 1413 1247 1484 exemplis
1260 1420 1418 1468 sanctorum
1427 1410 1538 1466 Parrum
1552 1412 1731 1477 inllammant,
1741 1415 1818 1470 etsie
1829 1414 1909 1485 juxta

276 1497 318 1555 eis
343 1500 516 1571 omnipotens
527 1501 598 1559 licus
610 1511 674 1559 ante
688 1504 787 1559 secula
801 1504 937 1576 disposuit
951 1508 1063 1564 donare.
1117 1506 1288 1562 Salomonem
1315 1504 1414 1575 [ercam
1434 1504 1506 1572 [erro
1528 1504 1668 1559 exacuitur
1691 1504 1782 1576 (Pron.
1799 1508 1908 1579 ιιιιι);

312 1589 416 1663 Linpno
430 1591 527 1647 doloso
542 1593 633 1661 :Quid
646 1595 757 1666 prodest
772 1596 799 1651 in
810 1598 932 1653 clanstro
945 1599 1065 1669 psalmos
1115 1598 1179 1652 dum
1195 1597 1276 1651 homo
1290 1595 1389 1651 taciem
1405 1595 1485 1649 amici
1500 1594 1542 1650 sul
1568 1600 1685 1658 exacuit,
1704 1598 1769 1667 quia
1782 1599 1822 1654 sic
1836 1601 1906 1656 uiuis

276 1695 386 1747 canere,
402 1689 429 1737 et
444 1681 520 1737 vitiis
540 1682 692 1740 innumeris
704 1686 869 1754 subiacere?
884 1686 951 1742 llam
968 1704 1031 1744 cum
1048 1703 1064 1744 a
1115 1691 1288 1747 sermonibus
1299 1687 1453 1745 seinvicem
1466 1689 1592 1753 incitant,
1606 1697 1636 1743 ut
1645 1689 1678 1744 ad
1691 1690 1837 1748 lectionem
1848 1694 1908 1748 ani·

275 1788 343 1828 voce
354 1773 408 1828 rita
424 1788 479 1828 non
493 1773 642 1841 discordat,
657 1791 720 1832 cum
735 1793 787 1833 tor
798 1777 880 1832 uitam
892 1794 948 1833 non
959 1794 1063 1834 remor·
1115 1783 1207 1838 diores
1218 1791 1373 1838 recurrant.

276 1867 332 1931 det,
344 1866 433 1922 dulcis
447 1874 489 1922 est
501 1869 674 1939 symphonia.
1066 1939 1074 1952 .
1150 1871 1253 1942 Linptto
1266 1870 1379 1924 doloso:
1397 1867 1497 1939 Siquis
1511 1877 1648 1941 pensaret,
1665 1881 1796 1943 nutantum
1810 1874 1908 1930 uitintn

312 1957 396 2014 Amor
407 1958 455 2014 Dei
466 1975 476 2014 r
486 1958 565 2024 llide,
581 1977 685 2032 quaeso,
700 1964 824 2034 exempla
837 1964 997 2029 multorum,
1008 1964 1064 2020 imo
1115 1962 1150 2018 lis
1164 1969 1248 2026 esset,
1262 1977 1401 2031 nunquam
1416 1962 1450 2015 ad
1469 1964 1571 2032 sepius
1585 1964 1674 2020 dictos
1699 1964 1858 2036 hypocritas
1877 1982 1910 2023 se

275 2068 346 2122 pene
361 2051 444 2107 tutius
459 2052 635 2124 orhispartes
651 2056 678 2109 in
687 2055 743 2110 baec
753 2056 843 2111 studia
855 2056 1020 2112 declinasse.
1031 2053 1065 2110 Et
1080 2021 1102 2077 B
1117 2053 1288 2110 transferret.

275 2143 1065 2218 qnaironte,quocorde,qnaimpudentia,quainsipientia
1100 2168 1104 2177 ·
1151 2145 1471 2217 dmorllei:hicqttam
1487 2161 1615 2217 magnum
1632 2146 1730 2203 sithoc
1742 2148 1850 2205 silitum.

276 2237 468 2308 reprehendis,
485 2239 557 2308 qttod
571 2240 662 2294 cuncti
681 2239 904 2310 contemplationi
919 2239 1004 2295 dediti
1016 2247 1065 2293 aut
1151 2240 1255 2311 Linptm
1263 2239 1574 2295 dolosc:l.ibentissime
1587 2239 1614 2294 in
1623 2240 1675 2294 hoc
1684 2241 1732 2296 tihi
1742 2242 1906 2312 acquiesco:

274 2327 390 2393 iaciunt,
400 2335 447 2382 aut
458 2328 586 2385 laudibus
597 2327 725 2384 clleruntl
735 2327 813 2395 Quod
827 2329 993 2384 autemdicis
1003 2328 1066 2383 dul·
1115 2347 1202 2403 pensa
1214 2332 1298 2386 uerba
1312 2346 1382 2387 mea.
1399 2329 1445 2386 Lis
1467 2339 1510 2387 est
1530 2331 1671 2387 homicidii
1684 2333 1840 2398 exordium,
1858 2350 1905 2390 sn-

275 2436 335 2476 cem
355 2435 417 2475 esse
433 2418 633 2490 symphoniam,
650 2435 713 2474 cum
731 2435 781 2475 uox
796 2421 879 2474 uitam
895 2435 951 2475 non
961 2433 1066 2474 remor-
1116 2419 1225 2474 scitatio
1236 2419 1438 2485 scandalorum,
1455 2418 1624 2490 perturbatio
1634 2421 1827 2477 ecclesiasticae
1837 2438 1906 2477 con·

274 2513 334 2578 det;
347 2520 490 2567 assensum
503 2514 623 2583 porrigo,
642 2527 694 2568 nec
715 2520 805 2568 tamen
820 2527 992 2583 consequens
1004 2527 1066 2569 esse
1116 2511 1281 2574 suetudinis,
1295 2519 1469 2581 contemptus
1482 2511 1627 2566 dominica
1641 2511 1813 2569 imitationis.

275 2600 408 2666 concedo,
431 2611 460 2657 ut
473 2603 509 2659 ob
529 2604 601 2658 banc
615 2619 727 2659 causam
747 2606 974 2675 praetermittatur
991 2605 1065 2675 psal·
1149 2599 1291 2655 Anorllci
1305 2614 1315 2654 .·
1329 2599 1408 2654 Nunc
1424 2601 1507 2655 etiam
1525 2600 1634 2656 intucor
1647 2600 1816 2672 diligentius,
1828 2603 1907 2674 quod

275 2694 375 2748 modia.
391 2693 419 2747 st
437 2695 520 2749 ctiam
536 2696 837 2766 propterquoruntdam
853 2711 1009 2766 perversam
1022 2697 1065 2750 in·
1115 2708 1207 2748 sermo
1215 2699 1278 2746 tuus
1294 2700 1323 2744 ut
1337 2706 1437 2746 cancer
1448 2693 1533 2761 serpit
1545 2700 1571 2747 ct
1584 2693 1681 2748 lethale
1690 2692 1767 2751 virus
1785 2695 1905 2752 incautis

275 2787 426 2842 tentionem
438 2787 509 2844 dicis
522 2778 705 2845 omittendum
724 2804 787 2846 esse
808 2791 977 2861 psalmorum
1000 2790 1064 2845 ollu-
1115 2783 1245 2839 infundit·
1268 2782 1327 2849 Did·
1350 2799 1454 2854 (luaesh
1468 2784 1523 2853 dit,
1536 2800 1630 2856 (tltaeto
1643 2806 1650 2842 τ
1665 2788 1905 2858 quomodo-stilis

274 2877 358 2945 cium,
377 2878 489 2949 grandis
514 2890 541 2935 te
557 2880 690 2954 ⁸sequitur
713 2880 880 2944 absurditas,
905 2889 935 2936 ut
955 2882 1066 2938 dicatur
1116 2876 1260 2932 hosticidls
1274 2876 1439 2932 exordium?

276 2979 376 3025 contra
391 2981 427 3035 te,
443 2973 593 3038 orationes,
606 2972 725 3044 ieiunia,
740 2974 945 3046 eleemosynas,
967 2973 1065 3046 pradi-
1154 2967 1257 3040 hispan
1269 2968 1363 3023 dolosa
1377 2984 1386 3023 .·
1400 2968 1470 3037 Quia
1485 2984 1534 3041 per
1548 2969 1633 3042 litigia
1649 2973 1818 3028 suscitantur
1830 2973 1907 3032 odia.

278 3062 402 3120 cationes
413 3073 439 3119 et
452 3074 549 3120 caetera
561 3063 634 3120 bona
654 3081 737 3138 opera
753 3066 812 3122 lore
822 3066 984 3130 deserenda,
999 3066 1065 3137 quia
1116 3062 1170 3130 Qut
1181 3072 1268 3116 antean
1277 3062 1332 3117 odit
1341 3052 1452 3133 tratrem
1463 3079 1552 3128 sartos,
1561 3063 1696 3120 homicida
1706 3075 1745 3122 cst
1756 3066 1847 3140 (ioan.
1861 3071 1904 3139 tt),

282 3155 340 3209 baec
353 3157 444 3210 omnia
457 3158 592 3214 interdum
610 3160 679 3215 liunt
695 3161 846 3216 intentione
858 3175 998 3231 perversa,
1015 3177 1065 3217 nec
1114 3155 1193 3226 juxta
1211 3156 1282 3227 quod
1297 3155 1445 3225 llpostolns
1460 3155 1506 3212 bei
1522 3158 1563 3211 tui
1578 3158 1626 3212 ait.

275 3248 362 3301 ttllutu
374 3264 444 3319 opus
465 3262 506 3306 est
527 3259 582 3306 tam
605 3260 742 3314 sanctum,
758 3253 832 3322 quod
848 3252 978 3323 praedicto
989 3268 1065 3309 utero
1151 3249 1234 3302 Amor
1249 3247 1319 3302 Dei:
1334 3247 1476 3315 Quomodo
1491 3256 1533 3304 est
1545 3250 1688 3304 suscitatio
1699 3251 1911 3308 scandalornmr

273 3340 422 3410 aliquando
437 3356 492 3395 non
507 3344 544 3399 sit
558 3342 701 3399 iniectum.
718 3343 784 3397 bico
803 3340 879 3413 erg'o,
904 3343 961 3397 imo
990 3341 1098 3420 lleusc
1148 3338 1253 3412 Linque
1271 3341 1383 3395 dolosa:
1402 3342 1471 3408 Quoia
1495 3358 1543 3412 per
1565 3344 1627 3398 lites
1650 3344 1747 3399 crebro
1774 3348 1905 3401 scandala

274 3450 352 3489 atreus
366 3450 414 3504 per
427 3436 573 3505 qutamdam
585 3435 770 3491 Romanorum
785 3445 812 3491 et
822 3434 1009 3491 totiusmundi
1022 3434 1064 3489 lu·
1114 3433 1293 3486 suscitantur.
1308 3431 1383 3486 llulti
1399 3433 1472 3487 enim
1496 3432 1727 3498 scandalizantur,
1744 3450 1806 3489 cum
1830 3452 1908 3506 quas-

273 3523 481 3578 cernamtlhtit:
502 3523 560 3578 Vox
574 3524 741 3595 psalmodio,
759 3540 818 3578 cant
833 3540 879 3594 per
892 3524 1063 3580 intrationem
1115 3530 1180 3578 runt
1195 3522 1222 3577 in
1236 3524 1288 3587 eis,
1300 3538 1369 3593 quos
1386 3523 1485 3593 saepius
1497 3523 1564 3587 diri,
1578 3523 1689 3580 lructus
1700 3525 1868 3593 dilectionis,
1878 3535 1908 3586 et

272 3614 361 3669 cordis
380 3618 479 3687 apitnr,
497 3634 543 3687 per
558 3618 626 3672 lrcnc
637 3628 698 3672 tnnc
711 3620 880 3688 omnipotenti
893 3617 950 3673 Deo
962 3617 999 3673 nd
1018 3636 1065 3674 cor
1114 3618 1255 3673 inveniunt
1268 3617 1364 3687 spinas
1378 3617 1570 3674 dissensionis.

273 3705 498 3774 tropeiensem
515 3710 622 3764 intento
634 3711 714 3764 menti
728 3709 914 3779 uelprophetioe
922 3711 1060 3780 mysterio,
1149 3709 1231 3763 Amor
1248 3706 1317 3762 Dei:
1333 3706 1380 3763 Dei
1397 3707 1449 3762 mei
1465 3709 1586 3763 cultores
1605 3708 1724 3765 studiosi
1739 3717 1765 3764 et
1784 3711 1858 3780 puri,
1876 3712 1909 3767 im

275 3799 315 3853 uel
327 3802 533 3867 compunctionis
548 3806 663 3874 pretinm
676 3804 808 3875 infundat.
1114 3809 1249 3872 quantum
1261 3806 1388 3870 possunt,
1400 3798 1561 3854 scandalum
1574 3799 1708 3865 devitant,
1724 3807 1826 3855 etcum
1841 3817 1903 3854 otn-

309 3889 411 3961 ln'npar
426 3891 535 3949 doloro:
550 3893 588 3949 be
603 3896 654 3950 hac
667 3896 843 3951 lucernanon
854 3910 938 3960 curo;
952 3894 1000 3953 sed
1010 3893 1063 3950 boc
1113 3894 1196 3949 nibus
1210 3890 1379 3956 hominibus,
1395 3891 1418 3948 si
1432 3890 1491 3946 lieri
1506 3898 1607 3962 potest,
1624 3907 1717 3962 pacem
1728 3901 1905 3950 conservant.

273 3979 336 4036 dico
351 4000 357 4035 :
372 3982 446 4052 quod
470 3982 519 4040 bet
535 3983 574 4040 tui
589 3984 737 4057 Apostolus
751 3986 790 4041 ait
811 3986 845 4041 ad
870 3984 1017 4058 quosdam,
1033 3993 1062 4040 ut
1113 3984 1190 4040 lianc
1204 3990 1293 4038 autem
1310 3983 1432 4054 regulam
1446 3982 1527 4038 abeo
1538 3998 1599 4039 mco
1612 3991 1735 4052 sumunt,
1747 3986 1819 4056 quod
1832 3987 1903 4057 apud

273 4081 415 4128 cantarent
426 4074 451 4127 in
467 4073 592 4130 cordibus
607 4077 663 4131 anic
682 4076 806 4133 homino.
1112 4077 1274 4134 duricordes
1286 4075 1425 4131 interdum
1436 4074 1565 4132 scandala
1578 4076 1646 4132 oriri
1654 4078 1823 4147 permittunt.
1835 4077 1901 4131 Nam

308 4166 392 4220 Amor
403 4167 450 4220 llei
465 4182 474 4220 .·
491 4167 520 4223 Si
535 4176 641 4223 tantum
664 4170 692 4224 in
716 4170 800 4226 corde
820 4168 988 4225 cantandum
1005 4176 1058 4233 est,
1113 4157 1184 4226 side
1200 4170 1316 4226 veritate
1326 4169 1485 4225 scandalum
1498 4169 1627 4234 sumitur,
1642 4169 1737 4225 utilius
1751 4170 1828 4225 nasci
1841 4185 1904 4239 per·

273 4258 339 4325 quid
355 4266 398 4314 est
412 4260 485 4329 quod
497 4261 554 4330 ipse
566 4261 600 4317 de
613 4261 728 4332 psalmis
740 4268 767 4316 et
781 4261 891 4333 hymnis
903 4276 1062 4318 commone·
1113 4265 1241 4325 ntittitur,
1257 4278 1338 4334 qnam
1350 4270 1380 4317 nt
1393 4262 1497 4318 veritas
1513 4263 1581 4318 relin
1604 4269 1694 4318 natur.
1716 4261 1794 4316 Nunc
1809 4276 1901 4317 resera
1987 4317 1989 4320 .

275 4347 384 4413 lecit,et
396 4349 469 4419 qttod
482 4348 713 4423 psalmographus
724 4353 826 4424 saepius
835 4370 886 4409 nos
900 4354 933 4408 ad
946 4363 1062 4409 canttn·
1112 4354 1191 4419 mibi,
1206 4344 1571 4426 numism-With?
1595 4332 1917 4409 o'i‘d'cl‘e'sisi'tii'eeont-
1964 4336 1968 4343 ’

274 4439 339 4494 ιΙιιιιι
351 4441 474 4495 monuit?
490 4439 536 4497 Sic
558 4444 652 4514 utique
669 4444 736 4500 loris
752 4445 835 4500 rerba
849 4445 950 4501 debent
966 4456 1062 4515 perso-
1110 4445 1278 4507 studuit.
1789 4517 1792 4521 ¹

273 4531 1087 4608 stare,utcordaintrinsecusadcompunctionemutilitas·'
1146 4536 1250 4609 &apua
1274 4537 1366 4594 doloso
1384 4554 1394 4594 .·
1413 4535 1485 4608 Lege
1512 4535 1559 4591 liei
1589 4536 1629 4591 tui
1655 4537 1828 4607 Apostolum,
1854 4537 1902 4608 qni

274 4621 477 4687 concutiantur,
492 4633 519 4679 et
534 4625 650 4681 intentio
665 4636 759 4684 nostra
775 4629 805 4684 in
823 4629 930 4685 coelesti
948 4627 1061 4684 lerun-
1112 4628 1151 4682 ait
1166 4647 1175 4682 ι
1192 4625 1291 4697 Siquis
1306 4636 1393 4680 cntenr
1410 4625 1512 4680 uidetur
1523 4627 1701 4681 contentiosas
1716 4643 1781 4691 csse,
1798 4643 1845 4680 nos
1861 4636 1901 4680 tc·

274 4713 326 4768 lem
342 4715 378 4770 sit
392 4730 537 4785 suspensa.
1055 4750 1058 4757 ·
1075 4717 1163 4789 niem
1173 4717 1385 4772 consuetudinem
1399 4733 1450 4771 non
1470 4716 1605 4782 habentne,
1622 4732 1702 4787 neone
1718 4715 1837 4772 Ecclesia
1852 4718 1902 4774 Dei

307 4804 412 4876 linono
425 4805 545 4862 doloro:
562 4807 634 4873 Quid
648 4809 760 4880 prodest
769 4811 900 4868 distinete
907 4818 937 4867 et
949 4810 1059 4867 tractim
1114 4808 1140 4881 (l
1156 4808 1219 4866 Cor.
1234 4810 1284 4876 ιι).

273 4895 302 4951 in
313 4905 395 4953 cantu
406 4909 433 4954 et
445 4898 563 4956 lectione
578 4900 702 4970 qnaedarn
717 4902 800 4958 verba
816 4902 956 4974 picture?
1149 4902 1231 4957 Amor
1245 4899 1313 4955 Dei:
1329 4899 1378 4955 llic
1396 4900 1516 4965 tandem,
1533 4900 1717 4971 quomodosit
1727 4908 1901 4972 contemptus

309 4990 391 5046 Amor
406 4991 455 5047 Dei
466 5006 476 5046 .·
487 4992 516 5049 st
526 4994 747 5051 distincteretba
759 4998 948 5067 proteruntur.
960 4999 1060 5057 melius
1111 4991 1260 5049 Dtntinitae
1280 4993 1462 5048 inllltllffltts?
1793 5032 1796 5039 ·
1831 5004 1833 5009 ’

274 5081 480 5154 intelliguntur,
506 5093 534 5140 et
556 5086 648 5141 acrius
672 5088 749 5142 cordi
778 5089 950 5146 inseruntur.
971 5088 1059 5158 tide,
1121 5084 1250 5158 -Linpsa
1264 5086 1381 5142 doloso:
1399 5085 1466 5141 Vide
1482 5101 1516 5139 an
1533 5100 1587 5140 non
1605 5086 1632 5143 in
1647 5086 1779 5158 propbeta
1793 5085 1840 5143 bet
1854 5085 1896 5141 tui

272 5186 377 5242 quaeso,
389 5174 455 5245 quid
468 5177 494 5231 in
509 5174 601 5233 Veteri
616 5177 793 5235 Testamenta
807 5180 915 5251 legitur,
927 5182 1000 5253 quod
1011 5196 1061 5238 ro·
1111 5180 1244 5250 scriptum
1259 5178 1295 5234 sit
1309 5178 1410 5234 debeo
1424 5190 1481 5243 tuo,
1503 5178 1574 5250 qttod
1591 5196 1644 5234 non
1656 5179 1804 5246 contendet,
1817 5190 1899 5251 nepa

273 5265 366 5320 lumen
379 5265 447 5336 legis
469 5268 600 5339 distincte
619 5285 652 5325 ac
677 5271 711 5325 ad
733 5270 939 5342 intelligendum
957 5275 1060 5347 populo
1110 5270 1238 5326 clamabit
1250 5269 1358 5341 (Mettis.
1375 5269 1437 5342 ιιι).
1452 5269 1503 5337 Qui
1518 5286 1585 5343 ergo
1600 5271 1693 5329 litibus
1712 5289 1743 5329 se
1758 5272 1899 5339 scindunt,

272 5356 429 5412 ludaeorum
443 5359 592 5429 legebant.
606 5360 687 5443 Quod
708 5377 774 5433 ergo
790 5363 828 5418 ibi
844 5363 946 5419 lactum
966 5373 1009 5421 est
1031 5367 1060 5421 in
1110 5374 1166 5417 uon
1182 5370 1245 5418 sunt
1258 5360 1303 5416 llei
1316 5362 1356 5416 tui
1369 5360 1530 5424 imitatores.
1546 5361 1594 5417 sed
1609 5371 1821 5434 contemptores.

271 5455 343 5503 creto
358 5448 525 5521 ludaeorum,
540 5446 695 5525 uutlpn'deri
711 5455 792 5510 debet
807 5456 1060 5528 incongregatione
1145 5454 1229 5508 Amor
1243 5452 1291 5507 Dei
1307 5470 1318 5509 .·
1332 5452 1392 5508 Non
1404 5467 1500 5508 omncs
1515 5453 1567 5508 hoc
1581 5454 1648 5511 uitio
1658 5463 1723 5510 sunt
1734 5455 1839 5521 intecti,
1852 5454 1902 5513 sed

272 5543 481 5609 monachorum,
502 5552 532 5599 ut
555 5530 841 5627 sainsn'ppodnlatlone
855 5564 904 5604 cor
919 5549 998 5607 triste
1011 5550 1060 5609 de.
1110 5543 1221 5614 quddam
1242 5544 1432 5600 claustralium
1458 5544 1602 5600 charitatis
1626 5544 1724 5600 ardore
1741 5552 1806 5600 sunt
1832 5560 1899 5603 suc·

271 5636 433 5701 trtulceatur,
446 5643 474 5691 et
486 5639 577 5693 saeculi
589 5632 710 5707 trist&
718 5655 780 5711 nun
790 5647 904 5695 mortem
919 5647 1056 5710 operatur,
1110 5635 1198 5701 censi,
1216 5651 1280 5691 cum
1294 5634 1368 5693 bens
1381 5651 1460 5693 meus
1474 5651 1524 5707 per
1544 5651 1573 5692 se
1588 5644 1616 5691 et
1635 5636 1705 5692 alios
1719 5652 1779 5693 eam
1796 5639 1900 5711 saepius

272 5725 431 5794 psalmodiae
449 5727 594 5784 dulcedine
608 5728 772 5807 depellatnr,
783 5731 948 5800 ultimusque
975 5730 1059 5800 spiri·
1108 5728 1291 5790 crammendet.
1310 5729 1429 5799 inclutus
1445 5730 1589 5802 praeceptis
1605 5730 1691 5801 legem
1705 5737 1733 5787 et
1750 5731 1900 5801 prophetas

272 5808 339 5872 titali
355 5818 455 5889 gaudio
466 5817 652 5887 suffundatur,
672 5828 702 5877 ut
719 5809 920 5897 posidetitiam
935 5823 995 5894 spei
1010 5838 1057 5879 se·
1108 5821 1227 5890 pendere
1241 5819 1318 5876 dicit.
1331 5818 1364 5875 Et
1374 5818 1422 5875 bei
1436 5820 1487 5875 mei
1499 5818 1649 5890 Apostolus
1662 5818 1703 5875 alt
1732 5819 1896 5876 facultatum

272 5911 479 5980 qttaturltntitia
495 5911 545 5966 rei.
814 5895 818 5910 ’
1108 5913 1339 5977 distributionem,
1352 5922 1378 5968 et
1393 5911 1702 5983 corporisemsttouen
1719 5910 1778 5968 sine
1790 5925 1823 5967 ea
1840 5899 1897 5967 nuti
1944 5926 1952 5935 ·

307 6001 410 6076 diatono
425 6004 539 6060 doloso:
559 6003 615 6062 lloc
637 6020 731 6065 otuttes
758 5984 895 6067 deterrere
922 6006 1002 6064 debet
1022 6005 1056 6062 ad
1109 6005 1339 6079 pt·odcsse';dlunc
1354 6015 1443 6063 autem
1459 6005 1492 6061 dc
1511 6002 1630 6076 perlecta
1638 6002 1704 6063 tttihi
1717 6002 1895 6082 potissimum

1322 6130 1380 6185 'X
