4350 6709
283 827 911 1042 ANONYMI
971 825 1495 1041 SAECULI
1570 827 1807 1042 ΧΠ.

694 1351 1389 1516 llllSCELLANEA.

277 1737 571 1834 urlsroun
607 1739 889 1833 ANONYMI
926 1740 1003 1832 AD
1035 1741 1336 1838 HUGONEM
1371 1742 1608 1837 AMICUM
1643 1730 1806 1834 SUUM

613 1934 660 1996 De
681 1933 777 1997 modo
791 1932 949 1999 etordine
967 1933 1097 2016 legendi
1113 1951 1235 1998 suoram
1255 1923 1463 2013 Scriptu'rnm.

452 2178 455 2182 4
512 2099 647 2174 (iliarum.
665 2099 795 2156 Tirenum.
809 2098 948 2168 Aneedot„
964 2097 985 2166 l,
1000 2099 1064 2166 tac,
1081 2116 1115 2157 or
1131 2116 1182 2157 ms.
1198 2101 1229 2156 B.
1248 2100 1341 2158 ilariae
1353 2100 1387 2157 dc
1399 2099 1553 2176 Josapbat.)

258 2413 298 2472 be
311 2413 393 2470 modo
411 2419 439 2469 ct
452 2412 549 2469 ordine
564 2413 672 2484 legendi
689 2426 774 2470 sacrae
786 2411 893 2484 paginae
907 2413 1005 2478 libros.
1021 2419 1045 2476 Α
1059 2412 1254 2485 distinguatur,
1279 2422 1417 2471 eteorum
1433 2423 1572 2488 ponantur
1587 2417 1712 2483 nomina,
1727 2422 1755 2473 et
1773 2416 1851 2473 dein·

224 2506 302 2580 lingo
316 2503 554 2561 midilectelrater
567 2504 595 2560 in
609 2504 734 2570 Domino,
744 2506 818 2577 stylo
830 2505 1010 2576 compendio·
1062 2520 1127 2576 ceps
1141 2505 1188 2576 qui
1200 2512 1228 2560 et
1240 2520 1296 2577 quo
1325 2506 1432 2570 ordine.
1453 2515 1481 2563 et
1508 2507 1627 2580 qualiter
1654 2507 1707 2580 legi
1735 2508 1852 2566 debeant

221 2615 255 2657 so
272 2598 406 2656 mediocri
427 2598 520 2670 aliqua
533 2598 582 2654 tibi
601 2597 723 2654 scribere
739 2598 798 2669 lege
819 2596 1011 2668 promissionis
1061 2598 1276 2655 demonstretur.
1311 2595 1381 2652 Sunt
1411 2607 1502 2655 autem
1530 2598 1595 2656 libri
1626 2598 1731 2658 Veteris
1755 2600 1851 2659 Testa·

168 2762 172 2776 Ι
222 2699 367 2750 coarctor:
379 2689 455 2763 quod
469 2689 574 2754 distuli,
590 2689 816 2760 occupationibus
830 2689 914 2759 meis;
937 2687 1011 2761 quod
1061 2690 1147 2746 menti
1156 2690 1306 2747 secundnm
1318 2707 1400 2746 unam
1413 2693 1660 2750 considerationem
1672 2709 1740 2762 aru,
1751 2709 1852 2751 secum

221 2785 264 2844 rel
280 2785 394 2841 tandem
410 2782 570 2856 perscripsi,
584 2780 713 2837 cbaritati
732 2788 796 2846 tua,
811 2797 873 2852 pure
889 2796 934 2837 me
949 2788 1009 2838 tor·
1060 2782 1127 2838 dum
1149 2783 1230 2838 aliam
1250 2798 1335 2849 artu,
1369 2793 1397 2840 et
1422 2784 1468 2842 isti
1496 2785 1559 2840 libri
1589 2786 1695 2843 trilarie
1721 2786 1850 2844 dividua-

220 2887 330 2950 pentem
343 2876 490 2941 excitarit,
504 2874 694 2945 imputandum
714 2883 766 2930 est.
783 2874 865 2930 llalui
879 2875 952 2931 enim
966 2873 1009 2930 rel
1059 2885 1105 2932 tur
1116 2895 1123 2944 ;
1133 2875 1261 2933 eliieoim
1272 2877 1491 2950 suntlibrilegis.
1505 2878 1551 2933 aiii
1561 2878 1726 2950 prophetici,
1737 2879 1785 2936 alii
1800 2879 1851 2937 ba-

220 2989 284 3029 scro
306 2970 473 3042 promissum
492 2968 664 3038 persolvere,
688 2982 770 3038 quam
793 2968 896 3039 petenti
919 2967 1009 3023 antico
1059 2968 1217 3040 pioprapbi,
1237 2968 1265 3025 id
1286 2977 1329 3026 est
1342 2977 1437 3025 sancta
1459 2968 1604 3041 Scriptura
1626 2970 1788 3042 simpliciter
1801 2987 1851 3046 ap·

219 3063 324 3119 diutius
344 3061 523 3118 inexorabilis
538 3068 566 3116 et
590 3060 759 3116 inofficiosus
784 3060 881 3118 rideri.
898 3059 1007 3116 blodum
1059 3060 1163 3131 pellati.
1183 3059 1259 3117 Libri
1274 3061 1342 3134 legis
1353 3062 1475 3134 quinque
1488 3069 1553 3117 suut
1572 3079 1580 3118 z
1601 3059 1683 3118 Liber
1697 3061 1849 3130 Geneseos,

219 3163 313 3210 nutem
325 3160 353 3209 et
370 3151 494 3208 ordinem
506 3165 561 3221 quo
582 3150 610 3205 in
626 3149 729 3206 scholis
752 3164 831 3206 sacra
844 3150 944 3222 pagiua
957 3149 1008 3206 do-
1058 3150 1185 3217 Ermlus,
1207 3152 1363 3221 beriticus,
1383 3153 1453 3209 liber
1465 3150 1658 3220 Nummorum,
1680 3152 1850 3211 Deuterono-

219 3255 326 3312 ceatur,
346 3259 420 3302 nune
443 3243 583 3313 explicare
605 3243 777 3314 propositum
801 3258 857 3298 non
875 3251 938 3311 est;
958 3243 1007 3300 sed
1057 3246 1153 3304 mium.
1164 3245 1240 3302 Libri
1253 3247 1405 3319 prophetici
1420 3252 1484 3302 octo
1500 3254 1564 3301 sunt
1576 3264 1583 3300 :
1595 3244 1850 3304 LiberJosaeEerr·

217 3356 251 3397 er
269 3338 396 3395 dicendis
412 3336 440 3392 id
457 3334 654 3392 attendendum
671 3342 783 3404 estque
798 3334 937 3391 modorel
960 3350 1007 3390 or·
1057 3353 1134 3405 narn,
1146 3339 1216 3395 liber
1230 3338 1369 3404 iudicum,
1388 3339 1457 3395 liber
1471 3335 1592 3402 Samuel,
1614 3339 1661 3411 qui
1679 3340 1768 3411 prima
1784 3356 1848 3412 part

218 3434 283 3490 dine
297 3431 391 3488 divina
406 3429 520 3504 legenda
534 3436 600 3485 sunt
613 3426 722 3499 eloquia
735 3436 763 3483 et
791 3428 1005 3499 perscrutanda,
1056 3427 1120 3484 libri
1136 3426 1251 3500 Regum,
1267 3437 1294 3485 et
1305 3429 1375 3485 liber
1387 3428 1502 3502 Regum,
1519 3431 1565 3503 qui
1577 3429 1710 3487 Hebraico
1732 3431 1767 3487 ab
1782 3429 1847 3487 aliis

218 3526 272 3584 illus
286 3525 437 3598 praesertim
457 3522 519 3594 qui,
543 3529 653 3591 arrepto
680 3517 860 3590 professionis
883 3519 1004 3585 uinculo,
1057 3517 1212 3583 blalacbim,
1224 3520 1258 3576 ab
1273 3519 1334 3575 aliis
1348 3519 1660 3594 llalaclrorappellatur,
1676 3519 1846 3588 liberlsain,

216 3621 313 3676 alienae
334 3616 437 3689 alligati
465 3622 530 3672 runt
544 3613 717 3670 obedientia.
734 3610 788 3668 Sed
804 3619 832 3668 et
847 3612 892 3668 iric
906 3613 1006 3669 distin·
1056 3608 1279 3676 liberioremiae,
1299 3611 1369 3668 liber
1390 3611 1527 3676 Ezechiel,
1549 3612 1618 3668 liber
1635 3626 1674 3667 ru
1696 3611 1847 3684 Propheta·

216 3713 273 3768 ctio
287 3706 444 3766 adhibenda
464 3713 526 3772 est;
550 3704 596 3760 alii
615 3704 689 3760 enirn
703 3708 781 3767 sunt,
798 3700 846 3772 qui
861 3708 926 3756 ante
937 3716 1005 3756 con·
1055 3720 1129 3770 rum,
1143 3705 1189 3776 qui
1205 3703 1337 3761 Hebraice
1356 3703 1510 3762 Tharaasra
1524 3702 1635 3760 dieitur.
1650 3702 1726 3761 Libri
1750 3705 1847 3776 hagio·

214 3805 372 3862 versionem
386 3798 531 3870 utriusque
545 3794 651 3868 paginas
671 3794 788 3850 lectione
804 3793 884 3865 plene
908 3791 1005 3848 imbuti
1020 3772 1152 3868 Bprapbi
1178 3803 1243 3850 sunt
1264 3809 1361 3850 norem
1376 3814 1383 3850 :
1400 3793 1481 3851 biber
1496 3791 1560 3858 lob,
1584 3792 1760 3862 Psalterium,
1777 3795 1847 3852 liber
1877 3866 1887 3880 .

214 3899 348 3969 sunt3alii
360 3904 424 3955 sunt
435 3895 483 3968 qui
500 3893 529 3949 ln
540 3893 704 3948 alterutrum
717 3891 817 3962 pagiua
828 3895 934 3943 tantum
946 3888 1006 3943 lau·
1055 3889 1278 3954 Proverbiorurn,
1299 3887 1489 3957 Ecclesiastes,
1502 3889 1646 3947 Canticum
1661 3893 1845 3964 canticorum,

214 3995 344 4052 dabiliter
354 3999 420 4051 sunt
431 3988 562 4063 promoti,
578 3995 726 4059 antequam
734 3984 913 4042 secularibus
926 3983 1006 4040 abre·
1055 3986 1126 4043 liber
1138 3983 1244 4051 banici,
1262 3981 1503 4055 Paralipomenon,
1518 3983 1631 4054 Esdras,
1647 3985 1757 4046 Esther.
1768 3988 1845 4047 Con-

213 4088 363 4155 uuntient;
384 4085 431 4141 alii
447 4085 494 4140 rix
515 4081 611 4154 primls
631 4080 700 4137 artis
722 4078 908 4152 grammatica
928 4077 1005 4133 rudi·
1054 4082 1234 4134 numerentur
1250 4089 1325 4132 nunc
1345 4074 1392 4131 isti
1405 4072 1538 4146 quinque,
1561 4086 1625 4133 octo
1640 4082 1667 4133 et
1681 4093 1800 4151 norem,
1815 4089 1845 4138 ct

213 4182 316 4240 mentis
329 4178 465 4252 cognitis,
480 4183 510 4232 ut
523 4174 580 4231 Deo
594 4174 713 4230 militent
727 4172 858 4230 claustris
871 4188 902 4230 se
916 4163 1004 4229 inclu-
1053 4174 1135 4224 erunt
1150 4181 1219 4222 rau.
1233 4163 1337 4222 Nouem
1354 4171 1445 4221 autem
1465 4162 1659 4237 hagiographis
1669 4165 1780 4238 quidam
1795 4168 1845 4224 ad·

213 4279 294 4334 dunt.
310 4273 456 4331 Praesentis
471 4267 669 4343 igiturnegotii
688 4267 742 4325 erit
757 4266 867 4333 dooere,
880 4266 1001 4339 quasia,
1050 4261 1153 4334 jiciunt
1173 4258 1274 4316 librum
1301 4254 1388 4324 Rath,
1412 4256 1512 4312 librum
1537 4254 1777 4314 Lamentationum
1797 4257 1845 4317 Je-

210 4371 315 4445 quibus
328 4366 476 4440 gradibus,
490 4362 525 4418 ad
538 4363 649 4433 plenum
664 4376 751 4419 sacrae
766 4361 872 4433 pagina
894 4359 1002 4415 intelle·
1052 4354 1155 4409 remia.

210 4473 287 4520 etum
300 4463 339 4518 ilii
356 4478 424 4533 pene
437 4459 520 4515 rudes
532 4498 540 4522 ,
557 4474 627 4530 pene
640 4458 732 4516 omnis
743 4457 907 4514 titteratme
921 4451 1001 4508 inscii
1086 4442 1162 4500 Libri
1175 4441 1243 4500 Nori
1252 4440 1419 4499 Testamenti
1431 4448 1494 4496 octo
1506 4447 1613 4495 tantum
1624 4447 1689 4496 sunt
1699 4459 1706 4496 ε
1717 4439 1843 4508 Quarum

210 4556 403 4614 conscendere
429 4556 548 4629 possint.
571 4553 722 4611 attendam
749 4548 851 4606 cuntur
882 4544 911 4600 ni
933 4544 1003 4600 rates
1052 4535 1211 4608 Evangelio.
1241 4533 1395 4597 nantuacus,
1429 4531 1549 4595 stercus,
1578 4529 1679 4597 Lucas,
1709 4529 1840 4588 loannes.

209 4625 282 4704 Μ’
293 4649 428 4720 ,nimum
436 4649 552 4705 dicim„
568 4644 733 4704 &mmmm-
743 4641 896 4712 smmum,
908 4632 999 4709 (tow,
1051 4626 1105 4681 lilii
1119 4634 1238 4696 quatuor
1252 4623 1318 4680 libri
1332 4623 1380 4694 qui
1398 4621 1552 4692 apostolica
1577 4619 1721 4691 Scriptura
1746 4624 1840 4692 appel-

209 4740 254 4808 vl3
279 4748 308 4797 et
320 4740 410 4796 illud:
432 4740 511 4796 Beati
532 4740 577 4810 pati
593 4744 749 4793 scrutentur
766 4729 917 4786 testimonio
931 4727 1000 4796 ejus,
1053 4720 1155 4786 lautior,
1170 4726 1234 4775 sunt
1250 4736 1257 4774 ι
1274 4716 1355 4773 Liber
1376 4715 1560 4787 Epistularum
1589 4712 1683 4780 Pauli,
1700 4716 1842 4770 canonicae

210 4807 240 4886 ἦ,
257 4840 311 4886 3⁰30
332 4832 411 4887 com
423 4833 564 4904 emirum
588 4845 648 4884 mm
667 4825 756 4898 (pur,
772 4827 887 4899 mm„
912 4829 940 4878 οι
966 4817 1000 4872 ῆι.
1052 4812 1191 4887 Epistulae.
1207 4813 1293 4868 Actus
1309 4810 1506 4882 apostolorum,
1524 4818 1551 4864 et
1567 4807 1756 4879 Apocalypsis.
1792 4805 1840 4865 lsti

209 4923 259 4978 pud
278 4944 285 4979 :
301 4923 399 4979 ptam,
421 4925 466 4996 φή
486 4925 514 4977 p,
532 4922 586 4992 1392
602 4920 710 4975 mmm
725 4918 868 4974 „patratur
887 4929 962 4974 ,ωας
974 4928 1000 4973 er
1051 4907 1115 4963 libri
1130 4907 1224 4978 primae
1237 4912 1264 4960 et
1282 4902 1443 4975 principalis
1458 4899 1632 4956 auetoritatis
1660 4899 1688 4954 in
1717 4899 1841 4957 Ecclesia

209 5017 254 5072 a„
273 5016 360 5089 (pomp¹
396 5014 434 5088 ¹)3
458 5023 486 5072 pp
509 5015 577 5071 prud
592 5035 598 5069 :
616 5012 734 5076 firma,
761 5014 903 5069 „mim
926 5011 1001 5068 sm.
1051 5006 1125 5056 sunt.
1136 4995 1393 5054 Praeterdistinctos
1403 4993 1498 5055 libros,
1508 4993 1630 5064 quinque
1639 4991 1757 5063 suntqui
1768 4997 1840 5062 apud

206 5120 302 5178 mm,
316 5109 426 5182 (paup.
441 5107 528 5180 „103
547 5119 636 5178 „eque
656 5107 784 5161 ,mutem
799 5105 870 5177 ejus,
886 5114 914 5161 pp
931 5119 996 5160 con·
1012 5117 1032 5175 c
1050 5092 1180 5148 llebracos
1199 5089 1346 5163 apocryphi
1364 5087 1503 5152 dicuntur,
1534 5086 1562 5142 id
1575 5095 1617 5144 ost
1644 5086 1798 5142 absconditi
1814 5097 1842 5140 ct

207 5200 321 5256 fidentia
333 5201 368 5257 ,b
381 5210 536 5271 pompm
548 5198 595 5270 qui
612 5196 679 5253 ὥρῃ
695 5215 702 5252 :
719 5194 853 5266 eonfipw,
867 5195 925 5261 pipp,
941 5195 998 5250 pa.
1050 5184 1144 5253 dubii;
1165 5183 1287 5239 Ecclesia
1302 5192 1393 5236 tamen
1413 5179 1531 5235 honorat
1544 5187 1572 5233 et
1588 5177 1714 5248 suscipit.
1731 5175 1842 5232 Primus

208 5304 260 5358 m,
274 5295 399 5366 ‘mm-am
414 5292 578 5348 apuonppp
592 5290 648 5345 pm
662 5306 679 5344 a
692 5289 875 5357 „prmum
886 5298 911 5342 ep
926 5305 997 5343 repe.
1049 5286 1092 5334 est
1106 5278 1174 5332 liber
1187 5275 1341 5347 Sapientiae,
1351 5273 1488 5329 secundus
1501 5278 1542 5327 est
1550 5270 1772 5331 Ecclesiasticus.
1783 5278 1841 5324 ter-
1877 5296 1879 5301 ·

205 5386 273 5444 lasti
289 5404 322 5444 ee
343 5386 460 5457 pernulis
478 5385 588 5455 (narrt.
611 5384 667 5452 xri:
695 5380 856 5436 ardentibus
874 5380 995 5436 divinam
1049 5371 1106 5425 lt'tts
1117 5368 1218 5432 Tobiae,
1230 5374 1345 5438 quartus
1358 5364 1460 5427 iudith,
1471 5362 1582 5433 quintus
1595 5357 1841 5415 llberblacbabruo-

206 5481 384 5539 ruminentur
398 5479 525 5534 iarrcibus
539 5476 730 5548 disciplinam,
746 5472 835 5529 donec
852 5472 920 5527 fiant
932 5488 995 5543 pen·
1049 5476 1120 5517 rurn.
1131 5457 1233 5514 Praeter
1243 5473 1338 5517 omnes
1355 5454 1555 5528 prndistinctos
1570 5451 1666 5513 libros,
1679 5454 1743 5504 sunt
1759 5448 1839 5504 beatu

205 5588 249 5629 ιω
260 5570 388 5626 columbe
399 5569 586 5640 deargentate,
606 5577 632 5624 et
649 5566 798 5638 posteriore
811 5562 886 5619 dorsi
899 5565 955 5635 cirta
967 5566 995 5619 in
1046 5570 1110 5610 rum
1123 5551 1235 5608 Patroni
1254 5549 1367 5619 scripta,
1383 5543 1550 5617 llieronymi,
1563 5539 1709 5631 Augustini
1724 5545 1752 5594 ct
1771 5537 1840 5593 alio·

204 5663 309 5735 patim
329 5663 390 5721 auri
409 5660 500 5735 (Psoi.
519 5661 620 5733 narrt),
639 5659 667 5715 id
688 5665 731 5716 est
750 5656 839 5714 donec
856 5656 910 5727 ipsi
928 5654 995 5711 dam
1046 5664 1121 5712 rum,
1136 5661 1254 5719 quornm
1272 5638 1475 5697 multitudinem
1491 5649 1654 5691 enumerare
1669 5629 1838 5702 supcrlluum

204 5759 334 5815 postam
347 5755 477 5813 Ecclesia
492 5768 555 5810 cum
569 5752 659 5809 nitore
669 5748 784 5822 eloquii,
798 5748 932 5805 charitate
947 5762 994 5803 00.
1046 5748 1100 5798 est.
1116 5736 1218 5792 Eoruru
1240 5740 1332 5788 tamen
1362 5731 1390 5785 in
1406 5726 1586 5799 sequentibus
1599 5723 1646 5780 llet
1661 5723 1775 5787 mentio,
1790 5725 1838 5792 pru

203 5866 266 5907 rum
279 5850 308 5905 in
319 5864 384 5906 nera
398 5847 533 5919 sapientia
549 5843 670 5900 tundata.
685 5842 779 5899 Primo
797 5843 882 5913 igitur
897 5854 993 5895 nume·
1045 5850 1104 5907 prae
1114 5830 1184 5886 aliis
1194 5828 1367 5885 ‘ridebuntur
1382 5822 1416 5878 ad
1429 5819 1622 5894 praedictorum
1638 5816 1772 5873 librorum
1794 5815 1838 5869 in·

203 5960 253 6004 rus
268 5944 402 6003 meorum
417 5951 473 5997 tam
498 5938 605 5994 Veteris
631 5953 713 6008 quam
736 5935 805 5994 llorl
826 5932 993 5994 Testamenti
1044 5927 1186 5986 tellectum
1203 5919 1369 5980 necessaria.
1387 5917 1425 5976 lle
1439 5929 1555 5972 nuarcro
1578 5911 1715 5999 librorum
1722 5917 1767 6015 se‘
1790 5924 1838 5964 eo·

364 6052 660 6148 Ennomsscxlllr
1622 6074 1626 6084 .
1692 6023 1734 6090 28
