<?xml version="1.0" encoding="UTF-8"?>
<!DOCTYPE html PUBLIC "-//W3C//DTD XHTML 1.0 Transitional//EN"
    "http://www.w3.org/TR/xhtml1/DTD/xhtml1-transitional.dtd">
<html xmlns="http://www.w3.org/1999/xhtml" xml:lang="en" lang="en">
 <head>
  <title>
</title>
<meta http-equiv="Content-Type" content="text/html;charset=utf-8" />
  <meta name='ocr-system' content='tesseract 3.04.00' />
  <meta name='ocr-capabilities' content='ocr_page ocr_carea ocr_par ocr_line ocrx_word'/>
</head>
<body>
  <div class='ocr_page' id='page_1' title='image "./patrologiaecurs78unkngoog/patrologiaecurs78unkngoog_0267.png"; bbox 0 0 4350 6709; ppageno 0'>
   <div class='ocr_carea' id='block_1_1' title="bbox 215 580 1848 658">
    <p class='ocr_par' dir='ltr' id='par_1_1' title="bbox 215 580 1848 658">
     <span class='ocr_line' id='line_1_1' title="bbox 215 580 1848 658; baseline -0.004 -17"><span class='ocrx_word' id='word_1_1' title='bbox 215 597 272 658; x_wconf 61' lang='grc' dir='ltr'>ω</span> <span class='ocrx_word' id='word_1_2' title='bbox 927 580 1138 639; x_wconf 84' lang='lat' dir='ltr'>cnaoutcon.</span> <span class='ocrx_word' id='word_1_3' title='bbox 1795 580 1848 638; x_wconf 85' lang='lat' dir='ltr'>aaa</span> 
     </span>
    </p>
   </div>
   <div class='ocr_carea' id='block_1_2' title="bbox 218 685 1841 778">
    <p class='ocr_par' dir='ltr' id='par_1_2' title="bbox 218 685 1841 778">
     <span class='ocr_line' id='line_1_2' title="bbox 218 685 1841 778; baseline -0.029 -2"><span class='ocrx_word' id='word_1_4' title='bbox 218 720 300 778; x_wconf 76' lang='lat' dir='ltr'>venit</span> <span class='ocrx_word' id='word_1_5' title='bbox 313 718 404 776; x_wconf 87' lang='lat' dir='ltr'>lorum</span> <span class='ocrx_word' id='word_1_6' title='bbox 420 717 549 773; x_wconf 85' lang='lat' dir='ltr'>alacriter</span> <span class='ocrx_word' id='word_1_7' title='bbox 558 714 726 770; x_wconf 83' lang='lat' dir='ltr'>erlribcntea.</span> <span class='ocrx_word' id='word_1_8' title='bbox 740 709 778 765; x_wconf 84' lang='lat' dir='ltr'>lle</span> <span class='ocrx_word' id='word_1_9' title='bbox 793 706 935 763; x_wconf 79' lang='lat' dir='ltr'>meantibus</span> <span class='ocrx_word' id='word_1_10' title='bbox 944 714 1011 759; x_wconf 84' lang='lat' dir='ltr'>vero</span> <span class='ocrx_word' id='word_1_11' title='bbox 1024 704 1048 762; x_wconf 76' lang='lat' dir='ltr'>,l</span> <span class='ocrx_word' id='word_1_12' title='bbox 1063 711 1115 757; x_wconf 86' lang='lat' dir='ltr'>est.</span> <span class='ocrx_word' id='word_1_13' title='bbox 1133 700 1184 757; x_wconf 83' lang='lat' dir='ltr'>Cui</span> <span class='ocrx_word' id='word_1_14' title='bbox 1209 715 1239 757; x_wconf 67' lang='lat' dir='ltr'>aa</span> <span class='ocrx_word' id='word_1_15' title='bbox 1259 711 1288 758; x_wconf 64' lang='grc' dir='ltr'>οι</span> <span class='ocrx_word' id='word_1_16' title='bbox 1312 701 1462 757; x_wconf 62' lang='lat' dir='ltr'>exercitum</span> <span class='ocrx_word' id='word_1_17' title='bbox 1491 701 1546 757; x_wconf 62' lang='lat' dir='ltr'>du,</span> <span class='ocrx_word' id='word_1_18' title='bbox 1569 702 1682 757; x_wconf 61' lang='lat' dir='ltr'>,mnino</span> <span class='ocrx_word' id='word_1_19' title='bbox 1701 685 1841 760; x_wconf 51' lang='lat' dir='ltr'>mmmm,</span> 
     </span>
    </p>
   </div>
   <div class='ocr_carea' id='block_1_3' title="bbox 216 795 1850 1055">
    <p class='ocr_par' dir='ltr' id='par_1_3' title="bbox 216 795 1850 1055">
     <span class='ocr_line' id='line_1_3' title="bbox 216 795 1848 881; baseline -0.011 -11"><span class='ocrx_word' id='word_1_20' title='bbox 216 812 390 870; x_wconf 79' lang='lat' dir='ltr'>descendens</span> <span class='ocrx_word' id='word_1_21' title='bbox 399 809 510 881; x_wconf 85' lang='lat' dir='ltr'>Calcphi</span> <span class='ocrx_word' id='word_1_22' title='bbox 524 808 625 863; x_wconf 84' lang='lat' dir='ltr'>llumen</span> <span class='ocrx_word' id='word_1_23' title='bbox 643 804 752 876; x_wconf 86' lang='lat' dir='ltr'>reperit,</span> <span class='ocrx_word' id='word_1_24' title='bbox 764 817 813 873; x_wconf 90' lang='lat' dir='ltr'>per</span> <span class='ocrx_word' id='word_1_25' title='bbox 826 801 906 871; x_wconf 84' lang='lat' dir='ltr'>eujus</span> <span class='ocrx_word' id='word_1_26' title='bbox 920 799 1008 868; x_wconf 90' lang='lat' dir='ltr'>ripam</span> <span class='ocrx_word' id='word_1_27' title='bbox 1059 796 1181 866; x_wconf 83' lang='lat' dir='ltr'>paternis</span> <span class='ocrx_word' id='word_1_28' title='bbox 1198 811 1360 852; x_wconf 70' lang='lat' dir='ltr'>asseverans</span> <span class='ocrx_word' id='word_1_29' title='bbox 1384 795 1495 851; x_wconf 83' lang='lat' dir='ltr'>obedire</span> <span class='ocrx_word' id='word_1_30' title='bbox 1523 795 1591 851; x_wconf 88' lang='lat' dir='ltr'>rehe</span> <span class='ocrx_word' id='word_1_31' title='bbox 1613 797 1767 866; x_wconf 77' lang='lat' dir='ltr'>praeceptis.</span> <span class='ocrx_word' id='word_1_32' title='bbox 1791 799 1848 853; x_wconf 87' lang='lat' dir='ltr'>hu·</span> 
     </span>
     <span class='ocr_line' id='line_1_4' title="bbox 216 888 1850 972; baseline -0.009 -11"><span class='ocrx_word' id='word_1_33' title='bbox 216 905 331 961; x_wconf 81' lang='lat' dir='ltr'>duohtta</span> <span class='ocrx_word' id='word_1_34' title='bbox 343 902 443 959; x_wconf 59' lang='lat' dir='ltr'>&amp;ebus</span> <span class='ocrx_word' id='word_1_35' title='bbox 458 916 632 972; x_wconf 73' lang='lat' dir='ltr'>progressus,</span> <span class='ocrx_word' id='word_1_36' title='bbox 657 900 737 954; x_wconf 87' lang='lat' dir='ltr'>tertia</span> <span class='ocrx_word' id='word_1_37' title='bbox 764 897 825 950; x_wconf 77' lang='lat' dir='ltr'>luce</span> <span class='ocrx_word' id='word_1_38' title='bbox 839 892 967 965; x_wconf 73' lang='lat' dir='ltr'>pausavit</span> <span class='ocrx_word' id='word_1_39' title='bbox 980 891 1008 946; x_wconf 90' lang='lat' dir='ltr'>iu</span> <span class='ocrx_word' id='word_1_40' title='bbox 1059 888 1139 946; x_wconf 85' lang='lat' dir='ltr'>diens</span> <span class='ocrx_word' id='word_1_41' title='bbox 1156 890 1211 946; x_wconf 86' lang='lat' dir='ltr'>hoe</span> <span class='ocrx_word' id='word_1_42' title='bbox 1225 889 1385 956; x_wconf 81' lang='lat' dir='ltr'>Saladious,</span> <span class='ocrx_word' id='word_1_43' title='bbox 1404 889 1479 945; x_wconf 85' lang='lat' dir='ltr'>misit</span> <span class='ocrx_word' id='word_1_44' title='bbox 1490 890 1640 946; x_wconf 84' lang='lat' dir='ltr'>exereitum</span> <span class='ocrx_word' id='word_1_45' title='bbox 1657 891 1708 946; x_wconf 91' lang='lat' dir='ltr'>suh</span> <span class='ocrx_word' id='word_1_46' title='bbox 1725 890 1850 948; x_wconf 85' lang='lat' dir='ltr'>llachaa-</span> 
     </span>
     <span class='ocr_line' id='line_1_5' title="bbox 217 981 1846 1055; baseline -0.009 -3"><span class='ocrx_word' id='word_1_47' title='bbox 217 996 289 1055; x_wconf 83' lang='lat' dir='ltr'>locis</span> <span class='ocrx_word' id='word_1_48' title='bbox 304 996 434 1052; x_wconf 84' lang='lat' dir='ltr'>amoertis.</span> <span class='ocrx_word' id='word_1_49' title='bbox 1058 981 1125 1036; x_wconf 89' lang='lat' dir='ltr'>dino</span> <span class='ocrx_word' id='word_1_50' title='bbox 1140 982 1224 1038; x_wconf 87' lang='lat' dir='ltr'>tratre</span> <span class='ocrx_word' id='word_1_51' title='bbox 1237 992 1265 1039; x_wconf 84' lang='lat' dir='ltr'>et</span> <span class='ocrx_word' id='word_1_52' title='bbox 1280 982 1440 1050; x_wconf 83' lang='lat' dir='ltr'>llirrhalino</span> <span class='ocrx_word' id='word_1_53' title='bbox 1453 981 1508 1037; x_wconf 90' lang='lat' dir='ltr'>hlio</span> <span class='ocrx_word' id='word_1_54' title='bbox 1521 981 1696 1047; x_wconf 75' lang='lat' dir='ltr'>militantem,</span> <span class='ocrx_word' id='word_1_55' title='bbox 1712 992 1743 1037; x_wconf 89' lang='lat' dir='ltr'>ut</span> <span class='ocrx_word' id='word_1_56' title='bbox 1754 983 1846 1039; x_wconf 89' lang='lat' dir='ltr'>distri·</span> 
     </span>
    </p>
   </div>
   <div class='ocr_carea' id='block_1_4' title="bbox 211 1073 1901 3376">
    <p class='ocr_par' dir='ltr' id='par_1_4' title="bbox 211 1073 1901 3376">
     <span class='ocr_line' id='line_1_6' title="bbox 254 1073 1849 1157; baseline -0.008 -14"><span class='ocrx_word' id='word_1_57' title='bbox 254 1087 365 1144; x_wconf 80' lang='lat' dir='ltr'>Etcum</span> <span class='ocrx_word' id='word_1_58' title='bbox 380 1097 453 1144; x_wconf 80' lang='lat' dir='ltr'>esset</span> <span class='ocrx_word' id='word_1_59' title='bbox 472 1096 556 1143; x_wconf 78' lang='lat' dir='ltr'>astus</span> <span class='ocrx_word' id='word_1_60' title='bbox 570 1101 687 1157; x_wconf 75' lang='lat' dir='ltr'>magnam</span> <span class='ocrx_word' id='word_1_61' title='bbox 710 1085 800 1150; x_wconf 79' lang='lat' dir='ltr'>ualde,</span> <span class='ocrx_word' id='word_1_62' title='bbox 821 1083 968 1154; x_wconf 88' lang='lat' dir='ltr'>imperator</span> <span class='ocrx_word' id='word_1_63' title='bbox 981 1081 1007 1136; x_wconf 87' lang='lat' dir='ltr'>in</span> <span class='ocrx_word' id='word_1_64' title='bbox 1058 1082 1133 1128; x_wconf 85' lang='lat' dir='ltr'>ctum</span> <span class='ocrx_word' id='word_1_65' title='bbox 1145 1083 1292 1146; x_wconf 86' lang='lat' dir='ltr'>occuparet</span> <span class='ocrx_word' id='word_1_66' title='bbox 1308 1073 1410 1128; x_wconf 86' lang='lat' dir='ltr'>Baruti.</span> <span class='ocrx_word' id='word_1_67' title='bbox 1435 1073 1514 1140; x_wconf 85' lang='lat' dir='ltr'>Quod</span> <span class='ocrx_word' id='word_1_68' title='bbox 1538 1074 1592 1127; x_wconf 75' lang='lat' dir='ltr'>«lox</span> <span class='ocrx_word' id='word_1_69' title='bbox 1608 1082 1635 1128; x_wconf 87' lang='lat' dir='ltr'>et</span> <span class='ocrx_word' id='word_1_70' title='bbox 1648 1075 1771 1129; x_wconf 89' lang='lat' dir='ltr'>marchio</span> <span class='ocrx_word' id='word_1_71' title='bbox 1784 1091 1849 1146; x_wconf 89' lang='lat' dir='ltr'>per-</span> 
     </span>
     <span class='ocr_line' id='line_1_7' title="bbox 216 1166 1846 1238; baseline -0.005 -9"><span class='ocrx_word' id='word_1_72' title='bbox 216 1178 321 1234; x_wconf 80' lang='lat' dir='ltr'>humen</span> <span class='ocrx_word' id='word_1_73' title='bbox 336 1177 478 1234; x_wconf 77' lang='lat' dir='ltr'>deseendit</span> <span class='ocrx_word' id='word_1_74' title='bbox 498 1193 560 1232; x_wconf 88' lang='lat' dir='ltr'>eum</span> <span class='ocrx_word' id='word_1_75' title='bbox 584 1176 690 1232; x_wconf 82' lang='lat' dir='ltr'>duobus</span> <span class='ocrx_word' id='word_1_76' title='bbox 705 1175 848 1238; x_wconf 76' lang='lat' dir='ltr'>militibus,</span> <span class='ocrx_word' id='word_1_77' title='bbox 866 1174 960 1229; x_wconf 82' lang='lat' dir='ltr'>volens</span> <span class='ocrx_word' id='word_1_78' title='bbox 979 1188 1009 1228; x_wconf 82' lang='lat' dir='ltr'>se</span> <span class='ocrx_word' id='word_1_79' title='bbox 1058 1166 1203 1237; x_wconf 90' lang='lat' dir='ltr'>cipientes,</span> <span class='ocrx_word' id='word_1_80' title='bbox 1219 1167 1252 1222; x_wconf 89' lang='lat' dir='ltr'>ad</span> <span class='ocrx_word' id='word_1_81' title='bbox 1268 1167 1438 1222; x_wconf 74' lang='lat' dir='ltr'>hcrrtteasem</span> <span class='ocrx_word' id='word_1_82' title='bbox 1464 1166 1636 1220; x_wconf 87' lang='lat' dir='ltr'>ohsidionem</span> <span class='ocrx_word' id='word_1_83' title='bbox 1652 1167 1762 1237; x_wconf 75' lang='lat' dir='ltr'>navigio</span> <span class='ocrx_word' id='word_1_84' title='bbox 1781 1183 1846 1237; x_wconf 92' lang='lat' dir='ltr'>pcr-</span> 
     </span>
     <span class='ocr_line' id='line_1_8' title="bbox 216 1255 1847 1340; baseline -0.006 -18"><span class='ocrx_word' id='word_1_85' title='bbox 216 1271 368 1335; x_wconf 78' lang='lat' dir='ltr'>halneare;</span> <span class='ocrx_word' id='word_1_86' title='bbox 385 1285 504 1340; x_wconf 77' lang='lat' dir='ltr'>cunique</span> <span class='ocrx_word' id='word_1_87' title='bbox 523 1278 618 1324; x_wconf 78' lang='lat' dir='ltr'>natare</span> <span class='ocrx_word' id='word_1_88' title='bbox 638 1268 776 1339; x_wconf 69' lang='lat' dir='ltr'>erupisset,</span> <span class='ocrx_word' id='word_1_89' title='bbox 796 1268 937 1323; x_wconf 75' lang='lat' dir='ltr'>demersus</span> <span class='ocrx_word' id='word_1_90' title='bbox 954 1273 1006 1321; x_wconf 76' lang='lat' dir='ltr'>est.</span> <span class='ocrx_word' id='word_1_91' title='bbox 1057 1270 1201 1314; x_wconf 80' lang='lat' dir='ltr'>uenerunt.</span> <span class='ocrx_word' id='word_1_92' title='bbox 1217 1257 1287 1326; x_wconf 84' lang='lat' dir='ltr'>eris</span> <span class='ocrx_word' id='word_1_93' title='bbox 1313 1257 1408 1321; x_wconf 87' lang='lat' dir='ltr'>suerit,</span> <span class='ocrx_word' id='word_1_94' title='bbox 1432 1266 1607 1328; x_wconf 80' lang='lat' dir='ltr'>quantusque</span> <span class='ocrx_word' id='word_1_95' title='bbox 1633 1257 1756 1311; x_wconf 87' lang='lat' dir='ltr'>marchio</span> <span class='ocrx_word' id='word_1_96' title='bbox 1773 1255 1847 1312; x_wconf 90' lang='lat' dir='ltr'>Con·</span> 
     </span>
     <span class='ocr_line' id='line_1_9' title="bbox 215 1349 1847 1430; baseline -0.007 -14"><span class='ocrx_word' id='word_1_97' title='bbox 215 1362 393 1418; x_wconf 81' lang='lat' dir='ltr'>Prohdolorl</span> <span class='ocrx_word' id='word_1_98' title='bbox 407 1361 447 1416; x_wconf 83' lang='lat' dir='ltr'>En</span> <span class='ocrx_word' id='word_1_99' title='bbox 461 1361 604 1416; x_wconf 77' lang='lat' dir='ltr'>humilium</span> <span class='ocrx_word' id='word_1_100' title='bbox 615 1361 729 1417; x_wconf 82' lang='lat' dir='ltr'>sullocat</span> <span class='ocrx_word' id='word_1_101' title='bbox 739 1361 914 1426; x_wconf 85' lang='lat' dir='ltr'>clementum,</span> <span class='ocrx_word' id='word_1_102' title='bbox 925 1373 1006 1430; x_wconf 72' lang='lat' dir='ltr'>quaem</span> <span class='ocrx_word' id='word_1_103' title='bbox 1058 1353 1152 1418; x_wconf 84' lang='lat' dir='ltr'>radus,</span> <span class='ocrx_word' id='word_1_104' title='bbox 1168 1360 1243 1407; x_wconf 88' lang='lat' dir='ltr'>retro</span> <span class='ocrx_word' id='word_1_105' title='bbox 1258 1353 1357 1407; x_wconf 89' lang='lat' dir='ltr'>seriem</span> <span class='ocrx_word' id='word_1_106' title='bbox 1381 1365 1586 1421; x_wconf 78' lang='lat' dir='ltr'>percurramus.</span> <span class='ocrx_word' id='word_1_107' title='bbox 1614 1349 1776 1405; x_wconf 88' lang='lat' dir='ltr'>Guillelmus</span> <span class='ocrx_word' id='word_1_108' title='bbox 1794 1350 1847 1406; x_wconf 91' lang='lat' dir='ltr'>ita-</span> 
     </span>
     <span class='ocr_line' id='line_1_10' title="bbox 217 1441 1845 1525; baseline -0.008 -15"><span class='ocrx_word' id='word_1_109' title='bbox 217 1456 299 1525; x_wconf 78' lang='lat' dir='ltr'>ignea</span> <span class='ocrx_word' id='word_1_110' title='bbox 313 1453 384 1508; x_wconf 89' lang='lat' dir='ltr'>helia</span> <span class='ocrx_word' id='word_1_111' title='bbox 408 1454 591 1524; x_wconf 73' lang='lat' dir='ltr'>nequiverunt</span> <span class='ocrx_word' id='word_1_112' title='bbox 615 1453 748 1509; x_wconf 84' lang='lat' dir='ltr'>uincere;</span> <span class='ocrx_word' id='word_1_113' title='bbox 767 1452 885 1507; x_wconf 83' lang='lat' dir='ltr'>inuictus</span> <span class='ocrx_word' id='word_1_114' title='bbox 900 1451 1007 1506; x_wconf 78' lang='lat' dir='ltr'>duritia</span> <span class='ocrx_word' id='word_1_115' title='bbox 1057 1441 1845 1516; x_wconf 78' lang='lat' dir='ltr'>que,marchiohiantislerrati,unorcmaceepitdominam</span> 
     </span>
     <span class='ocr_line' id='line_1_11' title="bbox 215 1535 1847 1612; baseline -0.006 -12"><span class='ocrx_word' id='word_1_116' title='bbox 215 1545 297 1612; x_wconf 78' lang='lat' dir='ltr'>terri,</span> <span class='ocrx_word' id='word_1_117' title='bbox 320 1544 398 1600; x_wconf 82' lang='lat' dir='ltr'>hatti</span> <span class='ocrx_word' id='word_1_118' title='bbox 416 1544 531 1599; x_wconf 89' lang='lat' dir='ltr'>mollitie</span> <span class='ocrx_word' id='word_1_119' title='bbox 559 1545 678 1600; x_wconf 86' lang='lat' dir='ltr'>vincitur</span> <span class='ocrx_word' id='word_1_120' title='bbox 703 1542 842 1599; x_wconf 90' lang='lat' dir='ltr'>elementi.</span> <span class='ocrx_word' id='word_1_121' title='bbox 862 1541 1007 1597; x_wconf 84' lang='lat' dir='ltr'>Portautca</span> <span class='ocrx_word' id='word_1_122' title='bbox 1056 1554 1182 1596; x_wconf 88' lang='lat' dir='ltr'>sororem</span> <span class='ocrx_word' id='word_1_123' title='bbox 1214 1537 1319 1593; x_wconf 80' lang='lat' dir='ltr'>donnini</span> <span class='ocrx_word' id='word_1_124' title='bbox 1346 1536 1467 1591; x_wconf 86' lang='lat' dir='ltr'>Conradi</span> <span class='ocrx_word' id='word_1_125' title='bbox 1492 1536 1565 1607; x_wconf 75' lang='lat' dir='ltr'>regis</span> <span class='ocrx_word' id='word_1_126' title='bbox 1591 1535 1792 1602; x_wconf 82' lang='lat' dir='ltr'>Romanorum,</span> <span class='ocrx_word' id='word_1_127' title='bbox 1818 1545 1847 1590; x_wconf 90' lang='lat' dir='ltr'>ct</span> 
     </span>
     <span class='ocr_line' id='line_1_12' title="bbox 216 1628 1846 1710; baseline -0.005 -17"><span class='ocrx_word' id='word_1_128' title='bbox 216 1639 303 1710; x_wconf 75' lang='lat' dir='ltr'>igitur</span> <span class='ocrx_word' id='word_1_129' title='bbox 316 1653 379 1695; x_wconf 90' lang='lat' dir='ltr'>euru</span> <span class='ocrx_word' id='word_1_130' title='bbox 395 1638 428 1692; x_wconf 88' lang='lat' dir='ltr'>ad</span> <span class='ocrx_word' id='word_1_131' title='bbox 445 1638 580 1693; x_wconf 85' lang='lat' dir='ltr'>civitatem</span> <span class='ocrx_word' id='word_1_132' title='bbox 596 1637 747 1707; x_wconf 81' lang='lat' dir='ltr'>Salaplrim,</span> <span class='ocrx_word' id='word_1_133' title='bbox 759 1634 928 1691; x_wconf 74' lang='lat' dir='ltr'>aromatibus</span> <span class='ocrx_word' id='word_1_134' title='bbox 940 1650 1007 1690; x_wconf 84' lang='lat' dir='ltr'>eon-</span> <span class='ocrx_word' id='word_1_135' title='bbox 1056 1630 1160 1687; x_wconf 88' lang='lat' dir='ltr'>domini</span> <span class='ocrx_word' id='word_1_136' title='bbox 1174 1629 1313 1685; x_wconf 80' lang='lat' dir='ltr'>Frederiei</span> <span class='ocrx_word' id='word_1_137' title='bbox 1325 1630 1404 1685; x_wconf 86' lang='lat' dir='ltr'>ducis</span> <span class='ocrx_word' id='word_1_138' title='bbox 1421 1628 1585 1696; x_wconf 84' lang='lat' dir='ltr'>Srtcrorum,</span> <span class='ocrx_word' id='word_1_139' title='bbox 1607 1629 1641 1685; x_wconf 89' lang='lat' dir='ltr'>de</span> <span class='ocrx_word' id='word_1_140' title='bbox 1666 1645 1720 1700; x_wconf 86' lang='lat' dir='ltr'>qua</span> <span class='ocrx_word' id='word_1_141' title='bbox 1752 1630 1846 1700; x_wconf 75' lang='lat' dir='ltr'>genetit</span> 
     </span>
     <span class='ocr_line' id='line_1_13' title="bbox 215 1721 1845 1805; baseline -0.006 -20"><span class='ocrx_word' id='word_1_142' title='bbox 215 1731 356 1787; x_wconf 65' lang='lat' dir='ltr'>uiderunt.</span> <span class='ocrx_word' id='word_1_143' title='bbox 368 1730 399 1786; x_wconf 86' lang='lat' dir='ltr'>Et</span> <span class='ocrx_word' id='word_1_144' title='bbox 411 1730 485 1786; x_wconf 80' lang='lat' dir='ltr'>Duce</span> <span class='ocrx_word' id='word_1_145' title='bbox 497 1747 579 1800; x_wconf 84' lang='lat' dir='ltr'>super</span> <span class='ocrx_word' id='word_1_146' title='bbox 589 1730 710 1784; x_wconf 80' lang='lat' dir='ltr'>exercitu</span> <span class='ocrx_word' id='word_1_147' title='bbox 719 1726 1004 1789; x_wconf 85' lang='lat' dir='ltr'>constitutodnmino,</span> <span class='ocrx_word' id='word_1_148' title='bbox 1056 1723 1127 1779; x_wconf 89' lang='lat' dir='ltr'>lilios</span> <span class='ocrx_word' id='word_1_149' title='bbox 1141 1723 1273 1805; x_wconf 70' lang='lat' dir='ltr'>quinque,</span> <span class='ocrx_word' id='word_1_150' title='bbox 1295 1722 1468 1778; x_wconf 87' lang='lat' dir='ltr'>Guillelmum</span> <span class='ocrx_word' id='word_1_151' title='bbox 1485 1721 1755 1793; x_wconf 81' lang='lat' dir='ltr'>Spatium-Longam,</span> <span class='ocrx_word' id='word_1_152' title='bbox 1772 1721 1845 1777; x_wconf 92' lang='lat' dir='ltr'>Con·</span> 
     </span>
     <span class='ocr_line' id='line_1_14' title="bbox 212 1812 1901 1892; baseline -0.006 -14"><span class='ocrx_word' id='word_1_153' title='bbox 212 1821 560 1892; x_wconf 75' lang='lat' dir='ltr'>perveneruntl&#39;haraum.</span> <span class='ocrx_word' id='word_1_154' title='bbox 580 1820 683 1876; x_wconf 78' lang='lat' dir='ltr'>llcinde</span> <span class='ocrx_word' id='word_1_155' title='bbox 702 1817 1005 1886; x_wconf 84' lang='lat' dir='ltr'>Lerouidehlontahis</span> <span class='ocrx_word' id='word_1_156' title='bbox 1056 1816 1165 1880; x_wconf 76' lang='lat' dir='ltr'>ratitum,</span> <span class='ocrx_word' id='word_1_157' title='bbox 1193 1814 1377 1881; x_wconf 84' lang='lat' dir='ltr'>Bonilacium,</span> <span class='ocrx_word' id='word_1_158' title='bbox 1407 1813 1581 1870; x_wconf 81' lang='lat' dir='ltr'>Fretlericum</span> <span class='ocrx_word' id='word_1_159' title='bbox 1610 1823 1638 1869; x_wconf 89' lang='lat' dir='ltr'>et</span> <span class='ocrx_word' id='word_1_160' title='bbox 1665 1812 1842 1886; x_wconf 82' lang='lat' dir='ltr'>Reyncrium.</span> <span class='ocrx_word' id='word_1_161' title='bbox 1899 1851 1901 1855; x_wconf 22' lang='grc' dir='ltr'><em>ν</em></span> 
     </span>
     <span class='ocr_line' id='line_1_15' title="bbox 213 1907 1844 1984; baseline -0.005 -14"><span class='ocrx_word' id='word_1_162' title='bbox 213 1916 370 1982; x_wconf 71' lang='lat' dir='ltr'>obviantes,</span> <span class='ocrx_word' id='word_1_163' title='bbox 390 1916 472 1970; x_wconf 89' lang='lat' dir='ltr'>ahco</span> <span class='ocrx_word' id='word_1_164' title='bbox 487 1914 634 1984; x_wconf 78' lang='lat' dir='ltr'>magnilica</span> <span class='ocrx_word' id='word_1_165' title='bbox 651 1913 763 1984; x_wconf 85' lang='lat' dir='ltr'>recepti,</span> <span class='ocrx_word' id='word_1_166' title='bbox 786 1920 813 1968; x_wconf 91' lang='lat' dir='ltr'>et</span> <span class='ocrx_word' id='word_1_167' title='bbox 831 1928 894 1967; x_wconf 88' lang='lat' dir='ltr'>cum</span> <span class='ocrx_word' id='word_1_168' title='bbox 907 1913 1006 1967; x_wconf 89' lang='lat' dir='ltr'>trium-</span> <span class='ocrx_word' id='word_1_169' title='bbox 1056 1908 1110 1964; x_wconf 89' lang='lat' dir='ltr'>lste</span> <span class='ocrx_word' id='word_1_170' title='bbox 1125 1909 1178 1964; x_wconf 92' lang='lat' dir='ltr'>luit</span> <span class='ocrx_word' id='word_1_171' title='bbox 1199 1908 1268 1964; x_wconf 89' lang='lat' dir='ltr'>ordo</span> <span class='ocrx_word' id='word_1_172' title='bbox 1289 1907 1442 1963; x_wconf 89' lang='lat' dir='ltr'>nativitatis</span> <span class='ocrx_word' id='word_1_173' title='bbox 1466 1921 1574 1974; x_wconf 90' lang='lat' dir='ltr'>eorum,</span> <span class='ocrx_word' id='word_1_174' title='bbox 1600 1922 1718 1977; x_wconf 83' lang='lat' dir='ltr'>quorum</span> <span class='ocrx_word' id='word_1_175' title='bbox 1734 1907 1844 1962; x_wconf 81' lang='lat' dir='ltr'>diuersa</span> 
     </span>
     <span class='ocr_line' id='line_1_16' title="bbox 214 1998 1845 2080; baseline -0.005 -16"><span class='ocrx_word' id='word_1_176' title='bbox 214 2009 271 2080; x_wconf 89' lang='lat' dir='ltr'>pho</span> <span class='ocrx_word' id='word_1_177' title='bbox 283 2023 384 2079; x_wconf 76' lang='lat' dir='ltr'>magno</span> <span class='ocrx_word' id='word_1_178' title='bbox 399 2007 433 2062; x_wconf 84' lang='lat' dir='ltr'>ad</span> <span class='ocrx_word' id='word_1_179' title='bbox 446 2007 582 2062; x_wconf 78' lang='lat' dir='ltr'>civitatem</span> <span class='ocrx_word' id='word_1_180' title='bbox 598 2005 777 2060; x_wconf 86' lang='lat' dir='ltr'>llamistriant</span> <span class='ocrx_word' id='word_1_181' title='bbox 799 2014 863 2060; x_wconf 85' lang='lat' dir='ltr'>aum</span> <span class='ocrx_word' id='word_1_182' title='bbox 874 2003 1002 2066; x_wconf 72' lang='lat' dir='ltr'>alchaica:</span> <span class='ocrx_word' id='word_1_183' title='bbox 1057 2001 1169 2057; x_wconf 72' lang='lat' dir='ltr'>tuterunt</span> <span class='ocrx_word' id='word_1_184' title='bbox 1181 2003 1253 2058; x_wconf 88' lang='lat' dir='ltr'>dona</span> <span class='ocrx_word' id='word_1_185' title='bbox 1283 2000 1409 2057; x_wconf 83' lang='lat' dir='ltr'>lortunae.</span> <span class='ocrx_word' id='word_1_186' title='bbox 1430 1998 1499 2055; x_wconf 88' lang='lat' dir='ltr'>Nam</span> <span class='ocrx_word' id='word_1_187' title='bbox 1525 1998 1700 2055; x_wconf 86' lang='lat' dir='ltr'>Cuillelmum</span> <span class='ocrx_word' id='word_1_188' title='bbox 1723 1998 1845 2070; x_wconf 80' lang='lat' dir='ltr'>Spendo-</span> 
     </span>
     <span class='ocr_line' id='line_1_17' title="bbox 213 2064 1844 2166; baseline -0.006 -8"><span class='ocrx_word' id='word_1_189' title='bbox 213 2102 263 2158; x_wconf 81' lang='lat' dir='ltr'>oth</span> <span class='ocrx_word' id='word_1_190' title='bbox 278 2117 343 2157; x_wconf 88' lang='lat' dir='ltr'>eum</span> <span class='ocrx_word' id='word_1_191' title='bbox 356 2101 412 2156; x_wconf 81' lang='lat' dir='ltr'>dur</span> <span class='ocrx_word' id='word_1_192' title='bbox 430 2100 627 2166; x_wconf 78' lang='lat' dir='ltr'>infirmaretur,</span> <span class='ocrx_word' id='word_1_193' title='bbox 649 2099 770 2154; x_wconf 77' lang='lat' dir='ltr'>visitarit</span> <span class='ocrx_word' id='word_1_194' title='bbox 790 2113 853 2153; x_wconf 88' lang='lat' dir='ltr'>eum</span> <span class='ocrx_word' id='word_1_195' title='bbox 879 2095 1004 2151; x_wconf 85' lang='lat' dir='ltr'>Catholi-</span> <span class='ocrx_word' id='word_1_196' title='bbox 1021 2064 1153 2158; x_wconf 83' lang='lat' dir='ltr'>Btorem,</span> <span class='ocrx_word' id='word_1_197' title='bbox 1168 2094 1258 2148; x_wconf 78' lang='lat' dir='ltr'>uirum</span> <span class='ocrx_word' id='word_1_198' title='bbox 1275 2093 1432 2158; x_wconf 87' lang='lat' dir='ltr'>militarem,</span> <span class='ocrx_word' id='word_1_199' title='bbox 1451 2093 1555 2148; x_wconf 84' lang='lat' dir='ltr'>ririhus</span> <span class='ocrx_word' id='word_1_200' title='bbox 1568 2101 1716 2159; x_wconf 78' lang='lat' dir='ltr'>orinatum,</span> <span class='ocrx_word' id='word_1_201' title='bbox 1735 2093 1844 2149; x_wconf 80' lang='lat' dir='ltr'>uirtuti-</span> 
     </span>
     <span class='ocr_line' id='line_1_18' title="bbox 211 2184 1843 2260; baseline -0.004 -8"><span class='ocrx_word' id='word_1_202' title='bbox 211 2211 265 2252; x_wconf 80' lang='lat' dir='ltr'>eua</span> <span class='ocrx_word' id='word_1_203' title='bbox 293 2194 493 2249; x_wconf 69' lang='lat' dir='ltr'>armeniensis.</span> <span class='ocrx_word' id='word_1_204' title='bbox 520 2192 621 2247; x_wconf 83' lang='lat' dir='ltr'><strong>Deinde</strong></span> <span class='ocrx_word' id='word_1_205' title='bbox 647 2189 762 2260; x_wconf 82' lang='lat' dir='ltr'>proiecti</span> <span class='ocrx_word' id='word_1_206' title='bbox 793 2197 859 2244; x_wconf 89' lang='lat' dir='ltr'>sunt</span> <span class='ocrx_word' id='word_1_207' title='bbox 881 2188 1002 2258; x_wconf 66' lang='lat' dir='ltr'>Tiregim</span> <span class='ocrx_word' id='word_1_208' title='bbox 1055 2189 1106 2243; x_wconf 90' lang='lat' dir='ltr'>hus</span> <span class='ocrx_word' id='word_1_209' title='bbox 1121 2187 1312 2258; x_wconf 88' lang='lat' dir='ltr'>approbatum,</span> <span class='ocrx_word' id='word_1_210' title='bbox 1332 2187 1490 2256; x_wconf 89' lang='lat' dir='ltr'>patriarcha</span> <span class='ocrx_word' id='word_1_211' title='bbox 1512 2184 1843 2259; x_wconf 78' lang='lat' dir='ltr'>etrexllierosolymita·</span> 
     </span>
     <span class='ocr_line' id='line_1_19' title="bbox 213 2278 1843 2358; baseline -0.003 -16"><span class='ocrx_word' id='word_1_212' title='bbox 213 2287 314 2344; x_wconf 83' lang='lat' dir='ltr'>deiude</span> <span class='ocrx_word' id='word_1_213' title='bbox 331 2301 380 2358; x_wconf 88' lang='lat' dir='ltr'>per</span> <span class='ocrx_word' id='word_1_214' title='bbox 393 2287 540 2356; x_wconf 81' lang='lat' dir='ltr'>quamdam</span> <span class='ocrx_word' id='word_1_215' title='bbox 554 2282 642 2338; x_wconf 80' lang='lat' dir='ltr'>Porta</span> <span class='ocrx_word' id='word_1_216' title='bbox 652 2283 809 2339; x_wconf 85' lang='lat' dir='ltr'>stricturam</span> <span class='ocrx_word' id='word_1_217' title='bbox 823 2289 957 2335; x_wconf 85' lang='lat' dir='ltr'>uenerunt</span> <span class='ocrx_word' id='word_1_218' title='bbox 970 2280 1003 2335; x_wconf 86' lang='lat' dir='ltr'>ad</span> <span class='ocrx_word' id='word_1_219' title='bbox 1055 2297 1118 2346; x_wconf 77' lang='lat' dir='ltr'>raris,</span> <span class='ocrx_word' id='word_1_220' title='bbox 1137 2291 1164 2335; x_wconf 85' lang='lat' dir='ltr'>et</span> <span class='ocrx_word' id='word_1_221' title='bbox 1186 2279 1246 2343; x_wconf 86' lang='lat' dir='ltr'>eius</span> <span class='ocrx_word' id='word_1_222' title='bbox 1261 2280 1336 2349; x_wconf 78' lang='lat' dir='ltr'>regni</span> <span class='ocrx_word' id='word_1_223' title='bbox 1365 2278 1503 2350; x_wconf 81' lang='lat' dir='ltr'>principes</span> <span class='ocrx_word' id='word_1_224' title='bbox 1528 2288 1697 2345; x_wconf 87' lang='lat' dir='ltr'>astruerunt,</span> <span class='ocrx_word' id='word_1_225' title='bbox 1721 2290 1750 2336; x_wconf 91' lang='lat' dir='ltr'>ut</span> <span class='ocrx_word' id='word_1_226' title='bbox 1770 2283 1843 2353; x_wconf 74' lang='lat' dir='ltr'>regis</span> 
     </span>
     <span class='ocr_line' id='line_1_20' title="bbox 211 2370 1843 2450; baseline -0.003 -15"><span class='ocrx_word' id='word_1_227' title='bbox 211 2392 350 2444; x_wconf 85' lang='lat' dir='ltr'>castrum,</span> <span class='ocrx_word' id='word_1_228' title='bbox 366 2379 439 2450; x_wconf 86' lang='lat' dir='ltr'>quod</span> <span class='ocrx_word' id='word_1_229' title='bbox 462 2377 621 2432; x_wconf 83' lang='lat' dir='ltr'>Castorium</span> <span class='ocrx_word' id='word_1_230' title='bbox 638 2375 807 2439; x_wconf 90' lang='lat' dir='ltr'>nominatur,</span> <span class='ocrx_word' id='word_1_231' title='bbox 822 2373 895 2442; x_wconf 77' lang='lat' dir='ltr'>quoti</span> <span class='ocrx_word' id='word_1_232' title='bbox 909 2388 973 2427; x_wconf 90' lang='lat' dir='ltr'>enm</span> <span class='ocrx_word' id='word_1_233' title='bbox 987 2388 1002 2427; x_wconf 93' lang='lat' dir='ltr'>a</span> <span class='ocrx_word' id='word_1_234' title='bbox 1055 2387 1178 2427; x_wconf 88' lang='lat' dir='ltr'>sororem</span> <span class='ocrx_word' id='word_1_235' title='bbox 1193 2372 1328 2440; x_wconf 82' lang='lat' dir='ltr'>acciperet</span> <span class='ocrx_word' id='word_1_236' title='bbox 1344 2370 1370 2424; x_wconf 95' lang='lat' dir='ltr'>in</span> <span class='ocrx_word' id='word_1_237' title='bbox 1385 2385 1509 2424; x_wconf 85' lang='lat' dir='ltr'>uxorem.</span> <span class='ocrx_word' id='word_1_238' title='bbox 1524 2370 1558 2426; x_wconf 85' lang='lat' dir='ltr'>Et</span> <span class='ocrx_word' id='word_1_239' title='bbox 1573 2386 1635 2425; x_wconf 91' lang='lat' dir='ltr'>eum</span> <span class='ocrx_word' id='word_1_240' title='bbox 1650 2386 1698 2426; x_wconf 87' lang='lat' dir='ltr'>rex</span> <span class='ocrx_word' id='word_1_241' title='bbox 1717 2371 1843 2430; x_wconf 83' lang='lat' dir='ltr'>iuhemus</span> 
     </span>
     <span class='ocr_line' id='line_1_21' title="bbox 212 2456 1841 2535; baseline -0.004 -10"><span class='ocrx_word' id='word_1_242' title='bbox 212 2470 350 2525; x_wconf 77' lang='lat' dir='ltr'>Saladiuo</span> <span class='ocrx_word' id='word_1_243' title='bbox 363 2469 542 2533; x_wconf 86' lang='lat' dir='ltr'>detineretur,</span> <span class='ocrx_word' id='word_1_244' title='bbox 556 2467 731 2521; x_wconf 72' lang='lat' dir='ltr'>Christianus</span> <span class='ocrx_word' id='word_1_245' title='bbox 741 2464 878 2520; x_wconf 82' lang='lat' dir='ltr'>exercitus</span> <span class='ocrx_word' id='word_1_246' title='bbox 892 2479 907 2518; x_wconf 90' lang='lat' dir='ltr'>a</span> <span class='ocrx_word' id='word_1_247' title='bbox 920 2463 1004 2535; x_wconf 79' lang='lat' dir='ltr'>sagit·</span> <span class='ocrx_word' id='word_1_248' title='bbox 1055 2466 1167 2520; x_wconf 91' lang='lat' dir='ltr'>nomine</span> <span class='ocrx_word' id='word_1_249' title='bbox 1195 2463 1344 2519; x_wconf 90' lang='lat' dir='ltr'>Bahloinus</span> <span class='ocrx_word' id='word_1_250' title='bbox 1373 2462 1398 2517; x_wconf 90' lang='lat' dir='ltr'>ei</span> <span class='ocrx_word' id='word_1_251' title='bbox 1422 2477 1554 2518; x_wconf 89' lang='lat' dir='ltr'>coronam</span> <span class='ocrx_word' id='word_1_252' title='bbox 1581 2463 1662 2518; x_wconf 82' lang='lat' dir='ltr'>rellet</span> <span class='ocrx_word' id='word_1_253' title='bbox 1674 2456 1678 2467; x_wconf 86' lang='lat'>&#39;</span> <span class='ocrx_word' id='word_1_254' title='bbox 1689 2462 1841 2534; x_wconf 77' lang='lat' dir='ltr'>imponere,</span> 
     </span>
     <span class='ocr_line' id='line_1_22' title="bbox 211 2555 1842 2632; baseline -0.004 -13"><span class='ocrx_word' id='word_1_255' title='bbox 211 2565 296 2619; x_wconf 84' lang='lat' dir='ltr'>tariis</span> <span class='ocrx_word' id='word_1_256' title='bbox 307 2562 456 2632; x_wconf 84' lang='lat' dir='ltr'>impeditus</span> <span class='ocrx_word' id='word_1_257' title='bbox 467 2569 518 2615; x_wconf 90' lang='lat' dir='ltr'>est.</span> <span class='ocrx_word' id='word_1_258' title='bbox 536 2558 569 2612; x_wconf 86' lang='lat' dir='ltr'>Et</span> <span class='ocrx_word' id='word_1_259' title='bbox 589 2565 654 2612; x_wconf 83' lang='lat' dir='ltr'>tum</span> <span class='ocrx_word' id='word_1_260' title='bbox 668 2557 823 2627; x_wconf 71' lang='lat' dir='ltr'>miriarcha</span> <span class='ocrx_word' id='word_1_261' title='bbox 836 2565 863 2610; x_wconf 90' lang='lat' dir='ltr'>et</span> <span class='ocrx_word' id='word_1_262' title='bbox 876 2555 1003 2626; x_wconf 87' lang='lat' dir='ltr'>princeps</span> <span class='ocrx_word' id='word_1_263' title='bbox 1054 2558 1216 2613; x_wconf 87' lang='lat' dir='ltr'>Cuillelmus</span> <span class='ocrx_word' id='word_1_264' title='bbox 1230 2571 1360 2612; x_wconf 89' lang='lat' dir='ltr'>coronam</span> <span class='ocrx_word' id='word_1_265' title='bbox 1371 2557 1475 2623; x_wconf 90' lang='lat' dir='ltr'>reuuit;</span> <span class='ocrx_word' id='word_1_266' title='bbox 1489 2557 1535 2611; x_wconf 84' lang='lat' dir='ltr'>sed</span> <span class='ocrx_word' id='word_1_267' title='bbox 1549 2556 1576 2610; x_wconf 95' lang='lat' dir='ltr'>in</span> <span class='ocrx_word' id='word_1_268' title='bbox 1591 2555 1716 2612; x_wconf 85' lang='lat' dir='ltr'>custodia</span> <span class='ocrx_word' id='word_1_269' title='bbox 1728 2572 1842 2627; x_wconf 75' lang='lat' dir='ltr'>regnum</span> 
     </span>
     <span class='ocr_line' id='line_1_23' title="bbox 215 2648 1843 2723; baseline -0.004 -12"><span class='ocrx_word' id='word_1_270' title='bbox 215 2655 369 2711; x_wconf 72' lang='lat' dir='ltr'>Antiochia</span> <span class='ocrx_word' id='word_1_271' title='bbox 391 2661 580 2716; x_wconf 84' lang='lat' dir='ltr'>occurrentes,</span> <span class='ocrx_word' id='word_1_272' title='bbox 594 2651 691 2705; x_wconf 85' lang='lat' dir='ltr'>ducem</span> <span class='ocrx_word' id='word_1_273' title='bbox 709 2659 736 2705; x_wconf 88' lang='lat' dir='ltr'>et</span> <span class='ocrx_word' id='word_1_274' title='bbox 760 2650 912 2705; x_wconf 86' lang='lat' dir='ltr'>exercitum</span> <span class='ocrx_word' id='word_1_275' title='bbox 940 2664 1003 2704; x_wconf 93' lang='lat' dir='ltr'>eum</span> <span class='ocrx_word' id='word_1_276' title='bbox 1055 2652 1143 2708; x_wconf 78' lang='lat' dir='ltr'>terratit</span> <span class='ocrx_word' id='word_1_277' title='bbox 1162 2652 1336 2718; x_wconf 78' lang='lat' dir='ltr'>unirersmn3</span> <span class='ocrx_word' id='word_1_278' title='bbox 1362 2660 1389 2706; x_wconf 91' lang='lat' dir='ltr'>et</span> <span class='ocrx_word' id='word_1_279' title='bbox 1408 2651 1493 2706; x_wconf 86' lang='lat' dir='ltr'>hlium</span> <span class='ocrx_word' id='word_1_280' title='bbox 1515 2648 1602 2706; x_wconf 87' lang='lat' dir='ltr'>lorma</span> <span class='ocrx_word' id='word_1_281' title='bbox 1623 2649 1716 2721; x_wconf 79' lang='lat' dir='ltr'>genuit</span> <span class='ocrx_word' id='word_1_282' title='bbox 1733 2650 1843 2723; x_wconf 75' lang='lat' dir='ltr'>elegan-</span> 
     </span>
     <span class='ocr_line' id='line_1_24' title="bbox 213 2742 1843 2820; baseline -0.004 -14"><span class='ocrx_word' id='word_1_283' title='bbox 213 2748 356 2820; x_wconf 90' lang='lat' dir='ltr'>triumpho</span> <span class='ocrx_word' id='word_1_284' title='bbox 370 2746 543 2802; x_wconf 72' lang='lat' dir='ltr'>Antiochiam</span> <span class='ocrx_word' id='word_1_285' title='bbox 555 2744 736 2800; x_wconf 79' lang='lat' dir='ltr'>delinxerant.</span> <span class='ocrx_word' id='word_1_286' title='bbox 754 2744 811 2815; x_wconf 78' lang='lat'>(38)</span> <span class='ocrx_word' id='word_1_287' title='bbox 824 2743 876 2799; x_wconf 92' lang='lat' dir='ltr'>Uhi</span> <span class='ocrx_word' id='word_1_288' title='bbox 893 2744 926 2798; x_wconf 85' lang='lat' dir='ltr'>dc</span> <span class='ocrx_word' id='word_1_289' title='bbox 938 2759 1004 2799; x_wconf 87' lang='lat' dir='ltr'>eon·</span> <span class='ocrx_word' id='word_1_290' title='bbox 1055 2755 1109 2801; x_wconf 82' lang='lat' dir='ltr'>tem</span> <span class='ocrx_word' id='word_1_291' title='bbox 1127 2745 1186 2816; x_wconf 82' lang='lat' dir='ltr'>qui,</span> <span class='ocrx_word' id='word_1_292' title='bbox 1199 2745 1336 2800; x_wconf 79' lang='lat' dir='ltr'>avunculo</span> <span class='ocrx_word' id='word_1_293' title='bbox 1351 2758 1414 2816; x_wconf 80' lang='lat' dir='ltr'>rege</span> <span class='ocrx_word' id='word_1_294' title='bbox 1430 2753 1562 2814; x_wconf 87' lang='lat' dir='ltr'>patreque</span> <span class='ocrx_word' id='word_1_295' title='bbox 1586 2742 1734 2809; x_wconf 78' lang='lat' dir='ltr'>defunctis,</span> <span class='ocrx_word' id='word_1_296' title='bbox 1753 2744 1781 2798; x_wconf 94' lang='lat' dir='ltr'>iu</span> <span class='ocrx_word' id='word_1_297' title='bbox 1800 2760 1843 2799; x_wconf 91' lang='lat' dir='ltr'>re·</span> 
     </span>
     <span class='ocr_line' id='line_1_25' title="bbox 215 2836 1843 2912; baseline -0.001 -19"><span class='ocrx_word' id='word_1_298' title='bbox 215 2843 279 2898; x_wconf 81' lang='lat' dir='ltr'>silio</span> <span class='ocrx_word' id='word_1_299' title='bbox 291 2841 423 2912; x_wconf 81' lang='lat' dir='ltr'>principis</span> <span class='ocrx_word' id='word_1_300' title='bbox 435 2849 462 2893; x_wconf 88' lang='lat' dir='ltr'>et</span> <span class='ocrx_word' id='word_1_301' title='bbox 476 2839 637 2909; x_wconf 77' lang='lat' dir='ltr'>patriarchae</span> <span class='ocrx_word' id='word_1_302' title='bbox 651 2853 755 2906; x_wconf 87' lang='lat' dir='ltr'>moram</span> <span class='ocrx_word' id='word_1_303' title='bbox 772 2837 845 2903; x_wconf 83' lang='lat' dir='ltr'>lecit,</span> <span class='ocrx_word' id='word_1_304' title='bbox 860 2852 1004 2907; x_wconf 82' lang='lat' dir='ltr'>quousque</span> <span class='ocrx_word' id='word_1_305' title='bbox 1054 2855 1115 2910; x_wconf 74' lang='lat' dir='ltr'>geru</span> <span class='ocrx_word' id='word_1_306' title='bbox 1131 2847 1281 2894; x_wconf 89' lang='lat' dir='ltr'>coronatus</span> <span class='ocrx_word' id='word_1_307' title='bbox 1296 2846 1349 2904; x_wconf 88' lang='lat' dir='ltr'>est,</span> <span class='ocrx_word' id='word_1_308' title='bbox 1364 2837 1429 2892; x_wconf 88' lang='lat' dir='ltr'>lieet</span> <span class='ocrx_word' id='word_1_309' title='bbox 1439 2844 1518 2892; x_wconf 85' lang='lat' dir='ltr'>aetate</span> <span class='ocrx_word' id='word_1_310' title='bbox 1532 2836 1634 2901; x_wconf 88' lang='lat' dir='ltr'>minor,</span> <span class='ocrx_word' id='word_1_311' title='bbox 1651 2837 1731 2907; x_wconf 81' lang='lat' dir='ltr'>eujus</span> <span class='ocrx_word' id='word_1_312' title='bbox 1750 2846 1843 2892; x_wconf 89' lang='lat' dir='ltr'>custo-</span> 
     </span>
     <span class='ocr_line' id='line_1_26' title="bbox 214 2925 1843 3000; baseline -0.003 -11"><span class='ocrx_word' id='word_1_313' title='bbox 214 2925 404 2989; x_wconf 75' lang='lat' dir='ltr'>mar&#39;chionem</span> <span class='ocrx_word' id='word_1_314' title='bbox 419 2930 574 2986; x_wconf 81' lang='lat' dir='ltr'>Conraduur</span> <span class='ocrx_word' id='word_1_315' title='bbox 598 2929 631 2983; x_wconf 82' lang='lat' dir='ltr'>tle</span> <span class='ocrx_word' id='word_1_316' title='bbox 650 2928 843 2983; x_wconf 86' lang='lat' dir='ltr'>llontelerrato</span> <span class='ocrx_word' id='word_1_317' title='bbox 858 2929 891 2983; x_wconf 78' lang='lat' dir='ltr'>ael</span> <span class='ocrx_word' id='word_1_318' title='bbox 910 2943 940 2983; x_wconf 90' lang='lat' dir='ltr'>se</span> <span class='ocrx_word' id='word_1_319' title='bbox 953 2942 1003 2983; x_wconf 88' lang='lat' dir='ltr'>ro·</span> <span class='ocrx_word' id='word_1_320' title='bbox 1053 2932 1126 2989; x_wconf 87' lang='lat' dir='ltr'>diam</span> <span class='ocrx_word' id='word_1_321' title='bbox 1145 2938 1233 2986; x_wconf 87' lang='lat' dir='ltr'>mater</span> <span class='ocrx_word' id='word_1_322' title='bbox 1260 2928 1334 3000; x_wconf 81' lang='lat' dir='ltr'>regia</span> <span class='ocrx_word' id='word_1_323' title='bbox 1360 2929 1502 2999; x_wconf 72' lang='lat' dir='ltr'>diligenter</span> <span class='ocrx_word' id='word_1_324' title='bbox 1524 2928 1697 2984; x_wconf 78' lang='lat' dir='ltr'>obseruabat.</span> <span class='ocrx_word' id='word_1_325' title='bbox 1724 2930 1765 2984; x_wconf 81' lang='lat' dir='ltr'>hd</span> <span class='ocrx_word' id='word_1_326' title='bbox 1785 2928 1843 2984; x_wconf 79' lang='lat' dir='ltr'>hac</span> 
     </span>
     <span class='ocr_line' id='line_1_27' title="bbox 214 3016 1841 3096; baseline -0.001 -19"><span class='ocrx_word' id='word_1_327' title='bbox 214 3031 301 3090; x_wconf 80' lang='lat' dir='ltr'>earet,</span> <span class='ocrx_word' id='word_1_328' title='bbox 315 3023 362 3093; x_wconf 82' lang='lat' dir='ltr'>qui</span> <span class='ocrx_word' id='word_1_329' title='bbox 379 3032 444 3076; x_wconf 86' lang='lat' dir='ltr'>tunc</span> <span class='ocrx_word' id='word_1_330' title='bbox 459 3020 486 3073; x_wconf 82' lang='lat' dir='ltr'>itt</span> <span class='ocrx_word' id='word_1_331' title='bbox 500 3018 864 3074; x_wconf 55' lang='grc' dir='ltr'>110011111θὶθιθῑθίιὸῑῦῑθηθ·</span> <span class='ocrx_word' id='word_1_332' title='bbox 878 3016 941 3085; x_wconf 66' lang='lat'>0¹¹5·</span> <span class='ocrx_word' id='word_1_333' title='bbox 955 3034 1004 3072; x_wconf 72' lang='lat' dir='ltr'>t0·</span> <span class='ocrx_word' id='word_1_334' title='bbox 1054 3023 1216 3080; x_wconf 82' lang='lat' dir='ltr'>Emmanuel</span> <span class='ocrx_word' id='word_1_335' title='bbox 1230 3023 1379 3095; x_wconf 86' lang='lat' dir='ltr'>imperator</span> <span class='ocrx_word' id='word_1_336' title='bbox 1395 3020 1716 3096; x_wconf 88' lang='lat' dir='ltr'>Constantinopolitaruts</span> <span class='ocrx_word' id='word_1_337' title='bbox 1744 3021 1841 3092; x_wconf 79' lang='lat' dir='ltr'>majori</span> 
     </span>
     <span class='ocr_line' id='line_1_28' title="bbox 213 3110 1841 3185; baseline 0 -14"><span class='ocrx_word' id='word_1_338' title='bbox 213 3115 327 3171; x_wconf 82' lang='lat' dir='ltr'>catione</span> <span class='ocrx_word' id='word_1_339' title='bbox 354 3112 458 3175; x_wconf 81' lang='lat' dir='ltr'>audita,</span> <span class='ocrx_word' id='word_1_340' title='bbox 485 3110 618 3165; x_wconf 80' lang='lat' dir='ltr'>luronunr</span> <span class='ocrx_word' id='word_1_341' title='bbox 650 3110 853 3166; x_wconf 87' lang='lat' dir='ltr'>communicato</span> <span class='ocrx_word' id='word_1_342' title='bbox 875 3111 1002 3176; x_wconf 85' lang='lat' dir='ltr'>consilio,</span> <span class='ocrx_word' id='word_1_343' title='bbox 1054 3119 1331 3185; x_wconf 77' lang='lat' dir='ltr'>Gutttetmo‚scilicet</span> <span class='ocrx_word' id='word_1_344' title='bbox 1351 3117 1517 3182; x_wconf 83' lang='lat' dir='ltr'>marchioni,</span> <span class='ocrx_word' id='word_1_345' title='bbox 1532 3117 1682 3182; x_wconf 83' lang='lat' dir='ltr'>mandarit,</span> <span class='ocrx_word' id='word_1_346' title='bbox 1700 3126 1729 3172; x_wconf 94' lang='lat' dir='ltr'>ut</span> <span class='ocrx_word' id='word_1_347' title='bbox 1756 3131 1841 3171; x_wconf 89' lang='lat' dir='ltr'>unum</span> 
     </span>
     <span class='ocr_line' id='line_1_29' title="bbox 215 3202 1841 3278; baseline -0.007 -2"><span class='ocrx_word' id='word_1_348' title='bbox 215 3205 392 3262; x_wconf 60' lang='lat' dir='ltr'>Amloeffiilffl</span> <span class='ocrx_word' id='word_1_349' title='bbox 421 3203 538 3259; x_wconf 62' lang='lat' dir='ltr'><strong>fessfflffls</strong></span> <span class='ocrx_word' id='word_1_350' title='bbox 556 3202 650 3266; x_wconf 63' lang='lat' dir='ltr'>fflfliii·</span> <span class='ocrx_word' id='word_1_351' title='bbox 673 3202 810 3258; x_wconf 64' lang='lat' dir='ltr'>¹i³¹¹⁸50¹¹⁸</span> <span class='ocrx_word' id='word_1_352' title='bbox 827 3219 875 3272; x_wconf 93' lang='lat' dir='ltr'>per</span> <span class='ocrx_word' id='word_1_353' title='bbox 887 3202 1002 3275; x_wconf 73' lang='lat' dir='ltr'>Tyrunr,</span> <span class='ocrx_word' id='word_1_354' title='bbox 1054 3211 1167 3268; x_wconf 82' lang='lat' dir='ltr'>delitiis</span> <span class='ocrx_word' id='word_1_355' title='bbox 1190 3211 1247 3266; x_wconf 90' lang='lat' dir='ltr'>suis</span> <span class='ocrx_word' id='word_1_356' title='bbox 1269 3208 1536 3278; x_wconf 81' lang='lat' dir='ltr'>Constantinopolim</span> <span class='ocrx_word' id='word_1_357' title='bbox 1563 3209 1731 3274; x_wconf 80' lang='lat' dir='ltr'>destinaret,</span> <span class='ocrx_word' id='word_1_358' title='bbox 1757 3209 1841 3264; x_wconf 88' lang='lat' dir='ltr'>liliam</span> 
     </span>
     <span class='ocr_line' id='line_1_30' title="bbox 213 3293 1841 3376; baseline 0.004 -24"><span class='ocrx_word' id='word_1_359' title='bbox 213 3298 263 3352; x_wconf 86' lang='lat' dir='ltr'>uhi</span> <span class='ocrx_word' id='word_1_360' title='bbox 277 3297 408 3353; x_wconf 82' lang='lat' dir='ltr'>comitem</span> <span class='ocrx_word' id='word_1_361' title='bbox 434 3294 581 3351; x_wconf 89' lang='lat' dir='ltr'>lleurieum</span> <span class='ocrx_word' id='word_1_362' title='bbox 607 3295 640 3350; x_wconf 85' lang='lat' dir='ltr'>de</span> <span class='ocrx_word' id='word_1_363' title='bbox 668 3293 818 3364; x_wconf 87' lang='lat' dir='ltr'>Campania</span> <span class='ocrx_word' id='word_1_364' title='bbox 839 3303 903 3352; x_wconf 82' lang='lat' dir='ltr'>trutc</span> <span class='ocrx_word' id='word_1_365' title='bbox 917 3297 1004 3367; x_wconf 86' lang='lat' dir='ltr'>appli-</span> <span class='ocrx_word' id='word_1_366' title='bbox 1054 3320 1145 3370; x_wconf 72' lang='lat' dir='ltr'>suam,</span> <span class='ocrx_word' id='word_1_367' title='bbox 1158 3312 1186 3359; x_wconf 79' lang='lat' dir='ltr'>et</span> <span class='ocrx_word' id='word_1_368' title='bbox 1206 3319 1318 3374; x_wconf 75' lang='lat' dir='ltr'>mgntrm</span> <span class='ocrx_word' id='word_1_369' title='bbox 1338 3302 1466 3358; x_wconf 90' lang='lat' dir='ltr'>Salonieh</span> <span class='ocrx_word' id='word_1_370' title='bbox 1487 3311 1673 3372; x_wconf 80' lang='lat' dir='ltr'>accepturum.</span> <span class='ocrx_word' id='word_1_371' title='bbox 1690 3302 1760 3370; x_wconf 83' lang='lat' dir='ltr'>Quia</span> <span class='ocrx_word' id='word_1_372' title='bbox 1775 3319 1841 3376; x_wconf 77' lang='lat' dir='ltr'>crgo</span> 
     </span>
    </p>
   </div>
   <div class='ocr_carea' id='block_1_5' title="bbox 213 3387 1840 3839">
    <p class='ocr_par' dir='ltr' id='par_1_5' title="bbox 213 3387 1840 3839">
     <span class='ocr_line' id='line_1_31' title="bbox 213 3387 1840 3472; baseline -0.006 -12"><span class='ocrx_word' id='word_1_373' title='bbox 213 3400 325 3446; x_wconf 60' lang='lat' dir='ltr'>“niem</span> <span class='ocrx_word' id='word_1_374' title='bbox 340 3389 463 3444; x_wconf 63' lang='lat'>¹⁸³¹³¹¹¹⁰</span> <span class='ocrx_word' id='word_1_375' title='bbox 477 3387 722 3458; x_wconf 66' lang='lat' dir='ltr'>⁵⁰⁵⁰⁰h1·²h0¹¹0t0·</span> <span class='ocrx_word' id='word_1_376' title='bbox 740 3387 944 3461; x_wconf 66' lang='lat' dir='ltr'>Tt‘2ntienshtte</span> <span class='ocrx_word' id='word_1_377' title='bbox 955 3406 1037 3472; x_wconf 70' lang='lat' dir='ltr'>We</span> <span class='ocrx_word' id='word_1_378' title='bbox 1054 3395 1207 3462; x_wconf 78' lang='lat' dir='ltr'>Conratlus,</span> <span class='ocrx_word' id='word_1_379' title='bbox 1220 3405 1248 3450; x_wconf 88' lang='lat' dir='ltr'>ct</span> <span class='ocrx_word' id='word_1_380' title='bbox 1264 3393 1423 3450; x_wconf 83' lang='lat' dir='ltr'>Bonilaeius</span> <span class='ocrx_word' id='word_1_381' title='bbox 1438 3408 1538 3449; x_wconf 79' lang='lat' dir='ltr'>uxores</span> <span class='ocrx_word' id='word_1_382' title='bbox 1552 3393 1697 3459; x_wconf 86' lang='lat' dir='ltr'>habebant,</span> <span class='ocrx_word' id='word_1_383' title='bbox 1714 3395 1840 3452; x_wconf 85' lang='lat' dir='ltr'>Frederi-</span> 
     </span>
     <span class='ocr_line' id='line_1_32' title="bbox 216 3481 1840 3558; baseline -0.006 -4"><span class='ocrx_word' id='word_1_384' title='bbox 216 3483 464 3557; x_wconf 61' lang='grc' dir='ltr'>’ῘῐῙ11οΙίΙΉῙίΙΜ3</span> <span class='ocrx_word' id='word_1_385' title='bbox 480 3492 507 3537; x_wconf 70' lang='lat'>0¹</span> <span class='ocrx_word' id='word_1_386' title='bbox 520 3481 658 3551; x_wconf 66' lang='lat' dir='ltr'>⁰fl¹¹¹³¹¹⁰⁵</span> <span class='ocrx_word' id='word_1_387' title='bbox 674 3490 700 3535; x_wconf 76' lang='lat'>0²</span> <span class='ocrx_word' id='word_1_388' title='bbox 716 3481 822 3537; x_wconf 68' lang='lat'>”0115108</span> <span class='ocrx_word' id='word_1_389' title='bbox 834 3497 902 3536; x_wconf 69' lang='lat'>³⁰¹0</span> <span class='ocrx_word' id='word_1_390' title='bbox 919 3492 946 3537; x_wconf 93' lang='lat' dir='ltr'>et</span> <span class='ocrx_word' id='word_1_391' title='bbox 957 3499 1002 3537; x_wconf 72' lang='lat' dir='ltr'>tt·</span> <span class='ocrx_word' id='word_1_392' title='bbox 1051 3505 1102 3547; x_wconf 89' lang='lat' dir='ltr'>eus</span> <span class='ocrx_word' id='word_1_393' title='bbox 1125 3487 1244 3544; x_wconf 86' lang='lat' dir='ltr'>clericali</span> <span class='ocrx_word' id='word_1_394' title='bbox 1267 3488 1376 3558; x_wconf 73' lang='lat' dir='ltr'>cingulo</span> <span class='ocrx_word' id='word_1_395' title='bbox 1392 3487 1537 3552; x_wconf 86' lang='lat' dir='ltr'>militabat,</span> <span class='ocrx_word' id='word_1_396' title='bbox 1554 3485 1722 3558; x_wconf 83' lang='lat' dir='ltr'>ilaynerium</span> <span class='ocrx_word' id='word_1_397' title='bbox 1745 3490 1840 3545; x_wconf 78' lang='lat' dir='ltr'>attole-</span> 
     </span>
     <span class='ocr_line' id='line_1_33' title="bbox 214 3575 1839 3650; baseline -0.001 -12"><span class='ocrx_word' id='word_1_398' title='bbox 214 3591 299 3650; x_wconf 75' lang='lat' dir='ltr'>ttento</span> <span class='ocrx_word' id='word_1_399' title='bbox 313 3578 476 3634; x_wconf 80' lang='lat' dir='ltr'>sustentavit</span> <span class='ocrx_word' id='word_1_400' title='bbox 495 3591 605 3648; x_wconf 83' lang='lat' dir='ltr'>egenos.</span> <span class='ocrx_word' id='word_1_401' title='bbox 627 3575 660 3630; x_wconf 83' lang='lat' dir='ltr'>Et</span> <span class='ocrx_word' id='word_1_402' title='bbox 672 3576 812 3646; x_wconf 89' lang='lat' dir='ltr'>applicans</span> <span class='ocrx_word' id='word_1_403' title='bbox 834 3577 868 3631; x_wconf 81' lang='lat' dir='ltr'>ati</span> <span class='ocrx_word' id='word_1_404' title='bbox 892 3575 1001 3632; x_wconf 87' lang='lat' dir='ltr'>Portam</span> <span class='ocrx_word' id='word_1_405' title='bbox 1052 3590 1172 3638; x_wconf 87' lang='lat' dir='ltr'>scentent</span> <span class='ocrx_word' id='word_1_406' title='bbox 1190 3580 1318 3635; x_wconf 91' lang='lat' dir='ltr'>decorum</span> <span class='ocrx_word' id='word_1_407' title='bbox 1338 3586 1449 3648; x_wconf 85' lang='lat' dir='ltr'>aspectu</span> <span class='ocrx_word' id='word_1_408' title='bbox 1464 3577 1730 3649; x_wconf 84' lang='lat' dir='ltr'>Constantinopolim</span> <span class='ocrx_word' id='word_1_409' title='bbox 1754 3583 1839 3649; x_wconf 88' lang='lat' dir='ltr'>misit,</span> 
     </span>
     <span class='ocr_line' id='line_1_34' title="bbox 216 3668 1840 3747; baseline 0.001 -17"><span class='ocrx_word' id='word_1_410' title='bbox 216 3672 312 3729; x_wconf 84' lang='lat' dir='ltr'>Sancti</span> <span class='ocrx_word' id='word_1_411' title='bbox 328 3670 476 3735; x_wconf 85' lang='lat' dir='ltr'>Simeonis,</span> <span class='ocrx_word' id='word_1_412' title='bbox 497 3685 511 3724; x_wconf 94' lang='lat' dir='ltr'>a</span> <span class='ocrx_word' id='word_1_413' title='bbox 528 3669 683 3739; x_wconf 87' lang='lat' dir='ltr'>patriarcha</span> <span class='ocrx_word' id='word_1_414' title='bbox 697 3678 723 3723; x_wconf 90' lang='lat' dir='ltr'>et</span> <span class='ocrx_word' id='word_1_415' title='bbox 739 3669 862 3740; x_wconf 84' lang='lat' dir='ltr'>principe</span> <span class='ocrx_word' id='word_1_416' title='bbox 884 3679 912 3724; x_wconf 89' lang='lat' dir='ltr'>ot</span> <span class='ocrx_word' id='word_1_417' title='bbox 932 3668 1002 3725; x_wconf 90' lang='lat' dir='ltr'>duee</span> <span class='ocrx_word' id='word_1_418' title='bbox 1052 3675 1100 3747; x_wconf 78' lang='lat' dir='ltr'>qui</span> <span class='ocrx_word' id='word_1_419' title='bbox 1116 3672 1279 3745; x_wconf 90' lang='lat' dir='ltr'>promissam</span> <span class='ocrx_word' id='word_1_420' title='bbox 1296 3671 1465 3741; x_wconf 90' lang='lat' dir='ltr'>imperialem</span> <span class='ocrx_word' id='word_1_421' title='bbox 1482 3670 1565 3727; x_wconf 91' lang='lat' dir='ltr'>liliam</span> <span class='ocrx_word' id='word_1_422' title='bbox 1579 3671 1682 3742; x_wconf 85' lang='lat' dir='ltr'>pariter</span> <span class='ocrx_word' id='word_1_423' title='bbox 1696 3689 1759 3728; x_wconf 91' lang='lat' dir='ltr'>cum</span> <span class='ocrx_word' id='word_1_424' title='bbox 1787 3673 1840 3732; x_wconf 89' lang='lat' dir='ltr'>Sa-</span> 
     </span>
     <span class='ocr_line' id='line_1_35' title="bbox 215 3762 1839 3839; baseline 0.001 -16"><span class='ocrx_word' id='word_1_425' title='bbox 215 3780 391 3838; x_wconf 77' lang='lat' dir='ltr'>magnacum</span> <span class='ocrx_word' id='word_1_426' title='bbox 406 3763 544 3834; x_wconf 91' lang='lat' dir='ltr'>triumpho</span> <span class='ocrx_word' id='word_1_427' title='bbox 560 3772 695 3833; x_wconf 87' lang='lat' dir='ltr'>receptus,</span> <span class='ocrx_word' id='word_1_428' title='bbox 710 3762 847 3819; x_wconf 82' lang='lat' dir='ltr'>civitatem</span> <span class='ocrx_word' id='word_1_429' title='bbox 864 3763 1002 3834; x_wconf 79' lang='lat' dir='ltr'>ingressus</span> <span class='ocrx_word' id='word_1_430' title='bbox 1053 3765 1185 3822; x_wconf 90' lang='lat' dir='ltr'>louieensi</span> <span class='ocrx_word' id='word_1_431' title='bbox 1208 3780 1310 3822; x_wconf 88' lang='lat' dir='ltr'>corona</span> <span class='ocrx_word' id='word_1_432' title='bbox 1342 3764 1472 3836; x_wconf 84' lang='lat' dir='ltr'>suscepit.</span> <span class='ocrx_word' id='word_1_433' title='bbox 1503 3763 1556 3819; x_wconf 75' lang='lat' dir='ltr'>Seli</span> <span class='ocrx_word' id='word_1_434' title='bbox 1582 3764 1691 3822; x_wconf 84' lang='lat' dir='ltr'>modico</span> <span class='ocrx_word' id='word_1_435' title='bbox 1717 3776 1839 3839; x_wconf 83' lang='lat' dir='ltr'>ternpore</span> 
     </span>
    </p>
   </div>
   <div class='ocr_carea' id='block_1_6' title="bbox 187 3940 1863 6070">
    <p class='ocr_par' dir='ltr' id='par_1_6' title="bbox 187 3940 1863 6070">
     <span class='ocr_line' id='line_1_36' title="bbox 215 3940 1839 4026; baseline -0.003 -21"><span class='ocrx_word' id='word_1_436' title='bbox 215 3946 418 4020; x_wconf 83' lang='lat' dir='ltr'>apprehensus,</span> <span class='ocrx_word' id='word_1_437' title='bbox 432 3943 465 3997; x_wconf 91' lang='lat' dir='ltr'>ad</span> <span class='ocrx_word' id='word_1_438' title='bbox 486 3940 571 4012; x_wconf 89' lang='lat' dir='ltr'>ripam</span> <span class='ocrx_word' id='word_1_439' title='bbox 591 3943 739 4026; x_wconf 70' lang='lat' dir='ltr'>semirirus</span> <span class='ocrx_word' id='word_1_440' title='bbox 753 3945 875 4012; x_wconf 89' lang='lat' dir='ltr'>ducitur,</span> <span class='ocrx_word' id='word_1_441' title='bbox 892 3956 1002 4017; x_wconf 81' lang='lat' dir='ltr'>accepta</span> <span class='ocrx_word' id='word_1_442' title='bbox 1089 3948 1145 4018; x_wconf 76' lang='lat'>(38)</span> <span class='ocrx_word' id='word_1_443' title='bbox 1162 3946 1250 4003; x_wconf 81' lang='lat' dir='ltr'>Coriea</span> <span class='ocrx_word' id='word_1_444' title='bbox 1265 3945 1383 4001; x_wconf 78' lang='lat' dir='ltr'>Eatettsia</span> <span class='ocrx_word' id='word_1_445' title='bbox 1399 3961 1408 3999; x_wconf 91' lang='lat'><em>:</em></span> <span class='ocrx_word' id='word_1_446' title='bbox 1428 3943 1461 3999; x_wconf 82' lang='lat' dir='ltr'>lit</span> <span class='ocrx_word' id='word_1_447' title='bbox 1474 3959 1584 4000; x_wconf 89' lang='lat' dir='ltr'>earnem</span> <span class='ocrx_word' id='word_1_448' title='bbox 1600 3946 1772 4018; x_wconf 87' lang='lat' dir='ltr'>imperatoris</span> <span class='ocrx_word' id='word_1_449' title='bbox 1786 3949 1839 4003; x_wconf 84' lang='lat' dir='ltr'>ltn-</span> 
     </span>
     <span class='ocr_line' id='line_1_37' title="bbox 214 4012 1840 4144; baseline 0 -71"><span class='ocrx_word' id='word_1_450' title='bbox 214 4017 378 4144; x_wconf 53' lang='lat' dir='ltr'>ssoetritemia</span> <span class='ocrx_word' id='word_1_451' title='bbox 395 4023 422 4069; x_wconf 87' lang='lat' dir='ltr'>et</span> <span class='ocrx_word' id='word_1_452' title='bbox 435 4028 550 4095; x_wconf 81' lang='lat' dir='ltr'>corpore</span> <span class='ocrx_word' id='word_1_453' title='bbox 570 4012 687 4079; x_wconf 78' lang='lat' dir='ltr'>Domana,</span> <span class='ocrx_word' id='word_1_454' title='bbox 703 4016 793 4071; x_wconf 89' lang='lat' dir='ltr'>eodie</span> <span class='ocrx_word' id='word_1_455' title='bbox 809 4026 934 4073; x_wconf 76' lang='lat' dir='ltr'>mortuus</span> <span class='ocrx_word' id='word_1_456' title='bbox 948 4030 1000 4075; x_wconf 83' lang='lat' dir='ltr'>ese.</span> <span class='ocrx_word' id='word_1_457' title='bbox 1053 4020 1166 4075; x_wconf 88' lang='lat' dir='ltr'>uoriliec</span> <span class='ocrx_word' id='word_1_458' title='bbox 1190 4019 1365 4088; x_wconf 87' lang='lat' dir='ltr'>sepelierunt,</span> <span class='ocrx_word' id='word_1_459' title='bbox 1392 4017 1438 4071; x_wconf 89' lang='lat' dir='ltr'>uhi</span> <span class='ocrx_word' id='word_1_460' title='bbox 1463 4018 1496 4071; x_wconf 81' lang='lat' dir='ltr'>tle</span> <span class='ocrx_word' id='word_1_461' title='bbox 1518 4017 1634 4072; x_wconf 78' lang='lat' dir='ltr'>corasiliu</span> <span class='ocrx_word' id='word_1_462' title='bbox 1658 4019 1790 4088; x_wconf 86' lang='lat' dir='ltr'>principis</span> <span class='ocrx_word' id='word_1_463' title='bbox 1812 4027 1840 4074; x_wconf 87' lang='lat' dir='ltr'>et</span> 
     </span>
     <span class='ocr_line' id='line_1_38' title="bbox 238 4082 1840 4167; baseline -0.001 -21"><span class='ocrx_word' id='word_1_464' title='bbox 238 4091 289 4146; x_wconf 90' lang='lat' dir='ltr'>roh</span> <span class='ocrx_word' id='word_1_465' title='bbox 302 4085 401 4142; x_wconf 88' lang='lat' dir='ltr'>dolori</span> <span class='ocrx_word' id='word_1_466' title='bbox 422 4084 571 4167; x_wconf 31' lang='lat' dir='ltr'>&#39;humulnm</span> <span class='ocrx_word' id='word_1_467' title='bbox 591 4082 707 4166; x_wconf 80' lang='lat' dir='ltr'>suffocat</span> <span class='ocrx_word' id='word_1_468' title='bbox 725 4087 901 4153; x_wconf 89' lang='lat' dir='ltr'>elementum,</span> <span class='ocrx_word' id='word_1_469' title='bbox 919 4103 1000 4157; x_wconf 82' lang='lat' dir='ltr'>qttern</span> <span class='ocrx_word' id='word_1_470' title='bbox 1053 4090 1217 4160; x_wconf 71' lang='lat' dir='ltr'>patriarchae</span> <span class='ocrx_word' id='word_1_471' title='bbox 1233 4101 1337 4143; x_wconf 90' lang='lat' dir='ltr'>moram</span> <span class='ocrx_word' id='word_1_472' title='bbox 1355 4087 1428 4152; x_wconf 86' lang='lat' dir='ltr'>lecit,</span> <span class='ocrx_word' id='word_1_473' title='bbox 1448 4101 1593 4158; x_wconf 85' lang='lat' dir='ltr'>qttousque</span> <span class='ocrx_word' id='word_1_474' title='bbox 1607 4089 1793 4144; x_wconf 89' lang='lat' dir='ltr'>marritionem</span> <span class='ocrx_word' id='word_1_475' title='bbox 1806 4091 1840 4145; x_wconf 83' lang='lat' dir='ltr'>tle</span> 
     </span>
     <span class='ocr_line' id='line_1_39' title="bbox 216 4155 1838 4239; baseline 0 -25"><span class='ocrx_word' id='word_1_476' title='bbox 216 4162 296 4232; x_wconf 73' lang='lat' dir='ltr'>ignca</span> <span class='ocrx_word' id='word_1_477' title='bbox 309 4157 380 4239; x_wconf 81' lang='lat' dir='ltr'>helia</span> <span class='ocrx_word' id='word_1_478' title='bbox 404 4169 512 4236; x_wconf 77' lang='lat' dir='ltr'>rumare</span> <span class='ocrx_word' id='word_1_479' title='bbox 534 4164 724 4237; x_wconf 63' lang='lat' dir='ltr'>tremuerunt.</span> <span class='ocrx_word' id='word_1_480' title='bbox 749 4155 870 4213; x_wconf 84' lang='lat' dir='ltr'>invictus</span> <span class='ocrx_word' id='word_1_481' title='bbox 899 4157 1000 4215; x_wconf 89' lang='lat' dir='ltr'>duritia</span> <span class='ocrx_word' id='word_1_482' title='bbox 1054 4161 1247 4216; x_wconf 82' lang='lat' dir='ltr'>lloutelerratu</span> <span class='ocrx_word' id='word_1_483' title='bbox 1262 4161 1296 4214; x_wconf 81' lang='lat' dir='ltr'>ah</span> <span class='ocrx_word' id='word_1_484' title='bbox 1312 4170 1472 4224; x_wconf 84' lang='lat' dir='ltr'>sernearet,</span> <span class='ocrx_word' id='word_1_485' title='bbox 1490 4159 1536 4229; x_wconf 88' lang='lat' dir='ltr'>qui</span> <span class='ocrx_word' id='word_1_486' title='bbox 1551 4168 1616 4213; x_wconf 92' lang='lat' dir='ltr'>tunc</span> <span class='ocrx_word' id='word_1_487' title='bbox 1636 4160 1663 4212; x_wconf 93' lang='lat' dir='ltr'>iu</span> <span class='ocrx_word' id='word_1_488' title='bbox 1681 4160 1838 4215; x_wconf 71' lang='lat' dir='ltr'>achonensi</span> 
     </span>
     <span class='ocr_line' id='line_1_40' title="bbox 216 4226 1841 4310; baseline 0.001 -26"><span class='ocrx_word' id='word_1_489' title='bbox 216 4230 293 4290; x_wconf 81' lang='lat' dir='ltr'>ierri.</span> <span class='ocrx_word' id='word_1_490' title='bbox 305 4228 382 4310; x_wconf 76' lang='lat' dir='ltr'>ssutdi</span> <span class='ocrx_word' id='word_1_491' title='bbox 410 4226 523 4306; x_wconf 81' lang='lat' dir='ltr'>molhhe</span> <span class='ocrx_word' id='word_1_492' title='bbox 537 4237 664 4307; x_wconf 33' lang='lat' dir='ltr'>,vertentur</span> <span class='ocrx_word' id='word_1_493' title='bbox 687 4228 825 4284; x_wconf 85' lang='lat' dir='ltr'>elementi.</span> <span class='ocrx_word' id='word_1_494' title='bbox 848 4229 1001 4299; x_wconf 83' lang='lat' dir='ltr'>Adimpleta</span> <span class='ocrx_word' id='word_1_495' title='bbox 1052 4242 1113 4287; x_wconf 85' lang='lat' dir='ltr'>erat</span> <span class='ocrx_word' id='word_1_496' title='bbox 1125 4231 1276 4287; x_wconf 78' lang='lat' dir='ltr'>ohsuttnne.</span> <span class='ocrx_word' id='word_1_497' title='bbox 1295 4229 1354 4296; x_wconf 83' lang='lat' dir='ltr'>Qtta</span> <span class='ocrx_word' id='word_1_498' title='bbox 1371 4231 1512 4284; x_wconf 86' lang='lat' dir='ltr'>roratione</span> <span class='ocrx_word' id='word_1_499' title='bbox 1524 4231 1668 4296; x_wconf 90' lang='lat' dir='ltr'>harouum,</span> <span class='ocrx_word' id='word_1_500' title='bbox 1686 4233 1841 4285; x_wconf 89' lang='lat' dir='ltr'>commuui-</span> 
     </span>
     <span class='ocr_line' id='line_1_41' title="bbox 215 4296 1838 4378; baseline 0.001 -22"><span class='ocrx_word' id='word_1_501' title='bbox 215 4312 258 4357; x_wconf 89' lang='lat' dir='ltr'>est</span> <span class='ocrx_word' id='word_1_502' title='bbox 272 4317 306 4357; x_wconf 82' lang='lat' dir='ltr'>eo</span> <span class='ocrx_word' id='word_1_503' title='bbox 325 4301 370 4354; x_wconf 77' lang='lat' dir='ltr'>the</span> <span class='ocrx_word' id='word_1_504' title='bbox 382 4296 524 4378; x_wconf 76' lang='lat' dir='ltr'>prophetia</span> <span class='ocrx_word' id='word_1_505' title='bbox 536 4311 563 4349; x_wconf 84' lang='lat' dir='ltr'>ur</span> <span class='ocrx_word' id='word_1_506' title='bbox 589 4306 660 4351; x_wconf 83' lang='lat' dir='ltr'>turra</span> <span class='ocrx_word' id='word_1_507' title='bbox 675 4299 747 4353; x_wconf 87' lang='lat' dir='ltr'>cirea</span> <span class='ocrx_word' id='word_1_508' title='bbox 762 4297 862 4354; x_wconf 92' lang='lat' dir='ltr'>llumen</span> <span class='ocrx_word' id='word_1_509' title='bbox 873 4311 1001 4356; x_wconf 91' lang='lat' dir='ltr'>constru·</span> <span class='ocrx_word' id='word_1_510' title='bbox 1052 4313 1115 4358; x_wconf 87' lang='lat' dir='ltr'>ento</span> <span class='ocrx_word' id='word_1_511' title='bbox 1128 4301 1244 4357; x_wconf 82' lang='lat' dir='ltr'>eutasilio</span> <span class='ocrx_word' id='word_1_512' title='bbox 1267 4300 1440 4355; x_wconf 74' lang='lat' dir='ltr'>huttiochiam</span> <span class='ocrx_word' id='word_1_513' title='bbox 1471 4299 1585 4356; x_wconf 84' lang='lat' dir='ltr'>lestines</span> <span class='ocrx_word' id='word_1_514' title='bbox 1605 4301 1699 4369; x_wconf 73' lang='lat' dir='ltr'>adivit.</span> <span class='ocrx_word' id='word_1_515' title='bbox 1717 4301 1744 4354; x_wconf 88' lang='lat' dir='ltr'>lu</span> <span class='ocrx_word' id='word_1_516' title='bbox 1758 4302 1838 4371; x_wconf 79' lang='lat' dir='ltr'>eujus</span> 
     </span>
     <span class='ocr_line' id='line_1_42' title="bbox 215 4368 1840 4441; baseline -0.001 -14"><span class='ocrx_word' id='word_1_517' title='bbox 215 4382 260 4427; x_wconf 87' lang='lat' dir='ltr'>eta</span> <span class='ocrx_word' id='word_1_518' title='bbox 272 4369 429 4426; x_wconf 82' lang='lat' dir='ltr'>Chaltlarets</span> <span class='ocrx_word' id='word_1_519' title='bbox 444 4368 541 4421; x_wconf 86' lang='lat' dir='ltr'>htterrs</span> <span class='ocrx_word' id='word_1_520' title='bbox 564 4377 688 4434; x_wconf 81' lang='lat' dir='ltr'>exarata,</span> <span class='ocrx_word' id='word_1_521' title='bbox 709 4369 812 4424; x_wconf 87' lang='lat' dir='ltr'>seilicet</span> <span class='ocrx_word' id='word_1_522' title='bbox 826 4387 833 4423; x_wconf 77' lang='grc' dir='ltr'>ι</span> <span class='ocrx_word' id='word_1_523' title='bbox 848 4369 943 4424; x_wconf 83' lang='lat' dir='ltr'>Melior</span> <span class='ocrx_word' id='word_1_524' title='bbox 955 4373 1002 4426; x_wconf 89' lang='lat' dir='ltr'>ho·</span> <span class='ocrx_word' id='word_1_525' title='bbox 1053 4373 1249 4428; x_wconf 80' lang='lat' dir='ltr'>absentiarum</span> <span class='ocrx_word' id='word_1_526' title='bbox 1265 4372 1369 4441; x_wconf 79' lang='lat' dir='ltr'>pellitos</span> <span class='ocrx_word' id='word_1_527' title='bbox 1386 4373 1525 4426; x_wconf 87' lang='lat' dir='ltr'>exercitus</span> <span class='ocrx_word' id='word_1_528' title='bbox 1539 4371 1710 4426; x_wconf 70' lang='lat' dir='ltr'>achonensis</span> <span class='ocrx_word' id='word_1_529' title='bbox 1730 4388 1744 4425; x_wconf 92' lang='lat' dir='ltr'>a</span> <span class='ocrx_word' id='word_1_530' title='bbox 1763 4373 1840 4426; x_wconf 90' lang='lat' dir='ltr'>nullo</span> 
     </span>
     <span class='ocr_line' id='line_1_43' title="bbox 217 4439 1839 4513; baseline 0.001 -17"><span class='ocrx_word' id='word_1_531' title='bbox 217 4442 343 4506; x_wconf 76' lang='lat' dir='ltr'>minitas,</span> <span class='ocrx_word' id='word_1_532' title='bbox 365 4446 391 4492; x_wconf 83' lang='lat' dir='ltr'>et</span> <span class='ocrx_word' id='word_1_533' title='bbox 412 4441 544 4505; x_wconf 85' lang='lat' dir='ltr'>poterrttor</span> <span class='ocrx_word' id='word_1_534' title='bbox 563 4439 684 4492; x_wconf 75' lang='lat' dir='ltr'>omatibus</span> <span class='ocrx_word' id='word_1_535' title='bbox 709 4441 737 4492; x_wconf 87' lang='lat' dir='ltr'>in</span> <span class='ocrx_word' id='word_1_536' title='bbox 758 4441 834 4509; x_wconf 79' lang='lat' dir='ltr'>aquia</span> <span class='ocrx_word' id='word_1_537' title='bbox 849 4439 1002 4512; x_wconf 78' lang='lat' dir='ltr'>Snlephyria</span> <span class='ocrx_word' id='word_1_538' title='bbox 1053 4443 1269 4507; x_wconf 73' lang='lat' dir='ltr'>refrenarentur,</span> <span class='ocrx_word' id='word_1_539' title='bbox 1297 4443 1323 4495; x_wconf 93' lang='lat' dir='ltr'>in</span> <span class='ocrx_word' id='word_1_540' title='bbox 1340 4442 1409 4496; x_wconf 87' lang='lat' dir='ltr'>leste</span> <span class='ocrx_word' id='word_1_541' title='bbox 1424 4439 1452 4495; x_wconf 89' lang='lat' dir='ltr'>S.</span> <span class='ocrx_word' id='word_1_542' title='bbox 1477 4440 1572 4496; x_wconf 83' lang='lat' dir='ltr'>Jacohi</span> <span class='ocrx_word' id='word_1_543' title='bbox 1595 4445 1752 4510; x_wconf 81' lang='lat' dir='ltr'>uagantium</span> <span class='ocrx_word' id='word_1_544' title='bbox 1776 4444 1839 4513; x_wconf 83' lang='lat' dir='ltr'>plus</span> 
     </span>
     <span class='ocr_line' id='line_1_44' title="bbox 216 4508 1839 4588; baseline 0.001 -21"><span class='ocrx_word' id='word_1_545' title='bbox 216 4511 404 4588; x_wconf 69' lang='lat' dir='ltr'>suffocabitur.</span> <span class='ocrx_word' id='word_1_546' title='bbox 424 4508 536 4588; x_wconf 77' lang='lat' dir='ltr'>Propter</span> <span class='ocrx_word' id='word_1_547' title='bbox 547 4524 628 4577; x_wconf 83' lang='lat' dir='ltr'>qtraru</span> <span class='ocrx_word' id='word_1_548' title='bbox 650 4508 757 4564; x_wconf 76' lang='lat' dir='ltr'>Manucl</span> <span class='ocrx_word' id='word_1_549' title='bbox 774 4513 1003 4581; x_wconf 74' lang='lat' dir='ltr'>irruperatorCon·</span> <span class='ocrx_word' id='word_1_550' title='bbox 1052 4531 1135 4585; x_wconf 78' lang='lat' dir='ltr'>uttam</span> <span class='ocrx_word' id='word_1_551' title='bbox 1148 4521 1208 4568; x_wconf 90' lang='lat' dir='ltr'>octo</span> <span class='ocrx_word' id='word_1_552' title='bbox 1227 4510 1427 4566; x_wconf 88' lang='lat' dir='ltr'>Saracenorum</span> <span class='ocrx_word' id='word_1_553' title='bbox 1449 4513 1549 4581; x_wconf 88' lang='lat' dir='ltr'>impetu</span> <span class='ocrx_word' id='word_1_554' title='bbox 1572 4513 1745 4567; x_wconf 83' lang='lat' dir='ltr'>oecitluutur.</span> <span class='ocrx_word' id='word_1_555' title='bbox 1770 4514 1839 4569; x_wconf 69' lang='lat' dir='ltr'>hiae</span> 
     </span>
     <span class='ocr_line' id='line_1_45' title="bbox 215 4580 1837 4654; baseline -0.001 -14"><span class='ocrx_word' id='word_1_556' title='bbox 215 4580 480 4652; x_wconf 77' lang='lat' dir='ltr'>stantinopohtauus</span> <span class='ocrx_word' id='word_1_557' title='bbox 497 4581 559 4632; x_wconf 77' lang='lat' dir='ltr'>totle</span> <span class='ocrx_word' id='word_1_558' title='bbox 581 4581 745 4635; x_wconf 85' lang='lat' dir='ltr'>transiturus</span> <span class='ocrx_word' id='word_1_559' title='bbox 771 4580 835 4635; x_wconf 88' lang='lat' dir='ltr'>lecit</span> <span class='ocrx_word' id='word_1_560' title='bbox 849 4582 915 4636; x_wconf 79' lang='lat' dir='ltr'>irtilti</span> <span class='ocrx_word' id='word_1_561' title='bbox 932 4600 1002 4653; x_wconf 86' lang='lat' dir='ltr'>putt·</span> <span class='ocrx_word' id='word_1_562' title='bbox 1053 4587 1115 4639; x_wconf 86' lang='lat' dir='ltr'>chio</span> <span class='ocrx_word' id='word_1_563' title='bbox 1129 4600 1194 4639; x_wconf 88' lang='lat' dir='ltr'>reto</span> <span class='ocrx_word' id='word_1_564' title='bbox 1207 4584 1341 4637; x_wconf 83' lang='lat' dir='ltr'>transiens</span> <span class='ocrx_word' id='word_1_565' title='bbox 1357 4598 1404 4652; x_wconf 86' lang='lat' dir='ltr'>per</span> <span class='ocrx_word' id='word_1_566' title='bbox 1418 4581 1530 4654; x_wconf 69' lang='lat' dir='ltr'>Tyranno,</span> <span class='ocrx_word' id='word_1_567' title='bbox 1546 4583 1674 4636; x_wconf 82' lang='lat' dir='ltr'>conulem</span> <span class='ocrx_word' id='word_1_568' title='bbox 1688 4581 1837 4639; x_wconf 88' lang='lat' dir='ltr'>ilenricum</span> 
     </span>
     <span class='ocr_line' id='line_1_46' title="bbox 217 4648 1837 4729; baseline -0.001 -19"><span class='ocrx_word' id='word_1_569' title='bbox 217 4663 273 4710; x_wconf 88' lang='lat' dir='ltr'>tem</span> <span class='ocrx_word' id='word_1_570' title='bbox 293 4651 433 4708; x_wconf 81' lang='lat' dir='ltr'>aediticari.</span> <span class='ocrx_word' id='word_1_571' title='bbox 457 4648 600 4729; x_wconf 75' lang='lat' dir='ltr'>Portantes</span> <span class='ocrx_word' id='word_1_572' title='bbox 628 4650 708 4720; x_wconf 82' lang='lat' dir='ltr'>igitur</span> <span class='ocrx_word' id='word_1_573' title='bbox 722 4667 784 4705; x_wconf 87' lang='lat' dir='ltr'>curu</span> <span class='ocrx_word' id='word_1_574' title='bbox 809 4651 842 4706; x_wconf 85' lang='lat' dir='ltr'>ad</span> <span class='ocrx_word' id='word_1_575' title='bbox 864 4654 1000 4708; x_wconf 83' lang='lat' dir='ltr'>ciuitatem</span> <span class='ocrx_word' id='word_1_576' title='bbox 1052 4657 1085 4710; x_wconf 86' lang='lat' dir='ltr'>tle</span> <span class='ocrx_word' id='word_1_577' title='bbox 1111 4652 1260 4722; x_wconf 85' lang='lat' dir='ltr'>Campania</span> <span class='ocrx_word' id='word_1_578' title='bbox 1280 4661 1344 4706; x_wconf 83' lang='grc' dir='ltr'>ιιιιιι·</span> <span class='ocrx_word' id='word_1_579' title='bbox 1366 4653 1546 4722; x_wconf 82' lang='lat' dir='ltr'>applicantem</span> <span class='ocrx_word' id='word_1_580' title='bbox 1571 4654 1692 4706; x_wconf 81' lang='lat' dir='ltr'>ratarinro</span> <span class='ocrx_word' id='word_1_581' title='bbox 1715 4653 1837 4723; x_wconf 83' lang='lat' dir='ltr'>suscepit</span> 
     </span>
     <span class='ocr_line' id='line_1_47' title="bbox 216 4721 1834 4797; baseline 0.001 -21"><span class='ocrx_word' id='word_1_582' title='bbox 216 4723 373 4797; x_wconf 72' lang='lat' dir='ltr'>salaphim,</span> <span class='ocrx_word' id='word_1_583' title='bbox 390 4721 559 4775; x_wconf 87' lang='lat' dir='ltr'>arumahhus</span> <span class='ocrx_word' id='word_1_584' title='bbox 577 4722 769 4775; x_wconf 74' lang='lat' dir='ltr'>contulelerunt.</span> <span class='ocrx_word' id='word_1_585' title='bbox 783 4722 814 4776; x_wconf 83' lang='lat' dir='ltr'>Et</span> <span class='ocrx_word' id='word_1_586' title='bbox 834 4723 903 4776; x_wconf 77' lang='lat' dir='ltr'>derce.</span> <span class='ocrx_word' id='word_1_587' title='bbox 919 4740 1002 4792; x_wconf 73' lang='lat' dir='ltr'>stip-r</span> <span class='ocrx_word' id='word_1_588' title='bbox 1054 4727 1169 4789; x_wconf 88' lang='lat' dir='ltr'>ironorc,</span> <span class='ocrx_word' id='word_1_589' title='bbox 1180 4724 1226 4794; x_wconf 81' lang='grc' dir='ltr'>ιμιί</span> <span class='ocrx_word' id='word_1_590' title='bbox 1242 4723 1274 4776; x_wconf 77' lang='lat' dir='ltr'>all</span> <span class='ocrx_word' id='word_1_591' title='bbox 1291 4725 1439 4777; x_wconf 84' lang='lat' dir='ltr'>exereitum</span> <span class='ocrx_word' id='word_1_592' title='bbox 1452 4724 1575 4787; x_wconf 80' lang='lat' dir='ltr'>ueniens,</span> <span class='ocrx_word' id='word_1_593' title='bbox 1591 4723 1645 4776; x_wconf 84' lang='lat' dir='ltr'>dur</span> <span class='ocrx_word' id='word_1_594' title='bbox 1660 4733 1701 4778; x_wconf 90' lang='lat' dir='ltr'>est</span> <span class='ocrx_word' id='word_1_595' title='bbox 1720 4725 1754 4776; x_wconf 92' lang='lat' dir='ltr'>ah</span> <span class='ocrx_word' id='word_1_596' title='bbox 1772 4738 1834 4779; x_wconf 82' lang='lat' dir='ltr'>orar-</span> 
     </span>
     <span class='ocr_line' id='line_1_48' title="bbox 214 4783 1834 4871; baseline -0.001 -19"><span class='ocrx_word' id='word_1_597' title='bbox 214 4797 339 4853; x_wconf 81' lang='lat' dir='ltr'>exercitu</span> <span class='ocrx_word' id='word_1_598' title='bbox 356 4793 468 4848; x_wconf 87' lang='lat' dir='ltr'>domino</span> <span class='ocrx_word' id='word_1_599' title='bbox 483 4791 642 4871; x_wconf 78' lang='lat' dir='ltr'>constituto,</span> <span class='ocrx_word' id='word_1_600' title='bbox 662 4802 842 4860; x_wconf 81' lang='lat' dir='ltr'>peruenerunt</span> <span class='ocrx_word' id='word_1_601' title='bbox 864 4791 999 4849; x_wconf 83' lang='lat' dir='ltr'>Tlrarsutn</span> <span class='ocrx_word' id='word_1_602' title='bbox 1016 4783 1131 4851; x_wconf 72' lang='lat' dir='ltr'>Duilius</span> <span class='ocrx_word' id='word_1_603' title='bbox 1146 4796 1322 4864; x_wconf 85' lang='lat' dir='ltr'>approbatus.</span> <span class='ocrx_word' id='word_1_604' title='bbox 1333 4791 1482 4848; x_wconf 85' lang='lat' dir='ltr'>Transiens</span> <span class='ocrx_word' id='word_1_605' title='bbox 1493 4791 1616 4848; x_wconf 74' lang='lat' dir='ltr'>triarchio</span> <span class='ocrx_word' id='word_1_606' title='bbox 1629 4808 1676 4862; x_wconf 92' lang='lat' dir='ltr'>per</span> <span class='ocrx_word' id='word_1_607' title='bbox 1689 4793 1834 4864; x_wconf 84' lang='lat' dir='ltr'>Tripolim,</span> 
     </span>
     <span class='ocr_line' id='line_1_49' title="bbox 214 4863 1863 4942; baseline -0.004 -17"><span class='ocrx_word' id='word_1_608' title='bbox 214 4867 321 4926; x_wconf 82' lang='lat' dir='ltr'>cittctae</span> <span class='ocrx_word' id='word_1_609' title='bbox 332 4865 483 4928; x_wconf 81' lang='lat' dir='ltr'>ciuitatem,</span> <span class='ocrx_word' id='word_1_610' title='bbox 500 4863 544 4942; x_wconf 77' lang='lat' dir='ltr'>uin</span> <span class='ocrx_word' id='word_1_611' title='bbox 557 4865 731 4929; x_wconf 72' lang='lat' dir='ltr'>ttrrperatoris</span> <span class='ocrx_word' id='word_1_612' title='bbox 745 4879 855 4918; x_wconf 88' lang='lat' dir='ltr'>earnem</span> <span class='ocrx_word' id='word_1_613' title='bbox 871 4865 1000 4919; x_wconf 78' lang='lat' dir='ltr'>cotidide·</span> <span class='ocrx_word' id='word_1_614' title='bbox 1051 4867 1157 4932; x_wconf 72' lang='lat' dir='ltr'>villatas,</span> <span class='ocrx_word' id='word_1_615' title='bbox 1171 4865 1345 4935; x_wconf 89' lang='lat' dir='ltr'>orphanoset</span> <span class='ocrx_word' id='word_1_616' title='bbox 1360 4864 1464 4918; x_wconf 83' lang='lat' dir='ltr'>nohilea</span> <span class='ocrx_word' id='word_1_617' title='bbox 1478 4877 1546 4917; x_wconf 86' lang='lat' dir='ltr'>auro</span> <span class='ocrx_word' id='word_1_618' title='bbox 1561 4873 1713 4934; x_wconf 73' lang='lat' dir='ltr'>clangente</span> <span class='ocrx_word' id='word_1_619' title='bbox 1727 4873 1838 4921; x_wconf 80' lang='lat' dir='ltr'>susten·</span> <span class='ocrx_word' id='word_1_620' title='bbox 1861 4909 1863 4915; x_wconf 95' lang='lat'>.</span> 
     </span>
     <span class='ocr_line' id='line_1_50' title="bbox 216 4931 1837 5005; baseline 0.002 -17"><span class='ocrx_word' id='word_1_621' title='bbox 216 4950 292 4994; x_wconf 77' lang='lat' dir='ltr'>runt.</span> <span class='ocrx_word' id='word_1_622' title='bbox 314 4935 414 4990; x_wconf 80' lang='lat' dir='ltr'>Deinde</span> <span class='ocrx_word' id='word_1_623' title='bbox 426 4932 529 4987; x_wconf 70' lang='lat' dir='ltr'>Les-ont</span> <span class='ocrx_word' id='word_1_624' title='bbox 550 4932 584 4984; x_wconf 81' lang='lat' dir='ltr'>tle</span> <span class='ocrx_word' id='word_1_625' title='bbox 605 4931 741 4988; x_wconf 89' lang='lat' dir='ltr'>hloutanis</span> <span class='ocrx_word' id='word_1_626' title='bbox 753 4934 904 4994; x_wconf 71' lang='lat' dir='ltr'>obviantes.</span> <span class='ocrx_word' id='word_1_627' title='bbox 919 4938 954 4989; x_wconf 91' lang='lat' dir='ltr'>ah</span> <span class='ocrx_word' id='word_1_628' title='bbox 967 4950 1001 4990; x_wconf 91' lang='lat' dir='ltr'>en</span> <span class='ocrx_word' id='word_1_629' title='bbox 1051 4937 1119 4990; x_wconf 78' lang='lat' dir='ltr'>tat-it</span> <span class='ocrx_word' id='word_1_630' title='bbox 1144 4950 1254 5004; x_wconf 68' lang='lat' dir='ltr'>egenos.</span> <span class='ocrx_word' id='word_1_631' title='bbox 1275 4933 1376 4988; x_wconf 64' lang='lat' dir='ltr'>ltrirrelc</span> <span class='ocrx_word' id='word_1_632' title='bbox 1401 4934 1530 5004; x_wconf 70' lang='lat' dir='ltr'>applicuit</span> <span class='ocrx_word' id='word_1_633' title='bbox 1555 4934 1589 4990; x_wconf 88' lang='lat' dir='ltr'>ad</span> <span class='ocrx_word' id='word_1_634' title='bbox 1611 4944 1719 5005; x_wconf 91' lang='lat' dir='ltr'>portum</span> <span class='ocrx_word' id='word_1_635' title='bbox 1742 4936 1837 4993; x_wconf 71' lang='lat' dir='ltr'>Sancti</span> 
     </span>
     <span class='ocr_line' id='line_1_51' title="bbox 217 5001 1836 5080; baseline -0.002 -16"><span class='ocrx_word' id='word_1_636' title='bbox 217 5007 362 5080; x_wconf 72' lang='lat' dir='ltr'>magnifiee</span> <span class='ocrx_word' id='word_1_637' title='bbox 375 5004 487 5073; x_wconf 87' lang='lat' dir='ltr'>recepti,</span> <span class='ocrx_word' id='word_1_638' title='bbox 500 5016 527 5060; x_wconf 90' lang='lat' dir='ltr'>et</span> <span class='ocrx_word' id='word_1_639' title='bbox 541 5017 603 5055; x_wconf 89' lang='lat' dir='ltr'>eum</span> <span class='ocrx_word' id='word_1_640' title='bbox 619 5001 758 5072; x_wconf 85' lang='lat' dir='ltr'>uiumpho</span> <span class='ocrx_word' id='word_1_641' title='bbox 770 5019 870 5074; x_wconf 79' lang='lat' dir='ltr'>magun</span> <span class='ocrx_word' id='word_1_642' title='bbox 884 5006 917 5059; x_wconf 72' lang='lat' dir='ltr'>aul</span> <span class='ocrx_word' id='word_1_643' title='bbox 931 5006 1001 5059; x_wconf 82' lang='lat' dir='ltr'>eiri-</span> <span class='ocrx_word' id='word_1_644' title='bbox 1051 5005 1199 5070; x_wconf 81' lang='lat' dir='ltr'>Sinteunis,</span> <span class='ocrx_word' id='word_1_645' title='bbox 1218 5005 1263 5075; x_wconf 85' lang='lat' dir='ltr'>qui</span> <span class='ocrx_word' id='word_1_646' title='bbox 1275 5020 1390 5075; x_wconf 59' lang='lat' dir='ltr'>«prospare</span> <span class='ocrx_word' id='word_1_647' title='bbox 1400 5004 1529 5060; x_wconf 81' lang='lat' dir='ltr'>Solimus</span> <span class='ocrx_word' id='word_1_648' title='bbox 1548 5008 1582 5060; x_wconf 79' lang='lat' dir='ltr'>:rh</span> <span class='ocrx_word' id='word_1_649' title='bbox 1599 5006 1696 5062; x_wconf 81' lang='lat' dir='ltr'>inteolis</span> <span class='ocrx_word' id='word_1_650' title='bbox 1714 5009 1836 5077; x_wconf 85' lang='lat' dir='ltr'>appella·</span> 
     </span>
     <span class='ocr_line' id='line_1_52' title="bbox 216 5072 1836 5148; baseline -0.002 -12"><span class='ocrx_word' id='word_1_651' title='bbox 216 5089 303 5136; x_wconf 86' lang='lat' dir='ltr'>tatem</span> <span class='ocrx_word' id='word_1_652' title='bbox 315 5076 494 5131; x_wconf 78' lang='lat' dir='ltr'>iiamistriaru</span> <span class='ocrx_word' id='word_1_653' title='bbox 508 5083 571 5126; x_wconf 78' lang='lat' dir='ltr'>surm</span> <span class='ocrx_word' id='word_1_654' title='bbox 585 5072 705 5138; x_wconf 82' lang='lat' dir='ltr'>tledtrcti,</span> <span class='ocrx_word' id='word_1_655' title='bbox 723 5076 767 5129; x_wconf 91' lang='lat' dir='ltr'>uhi</span> <span class='ocrx_word' id='word_1_656' title='bbox 783 5076 880 5130; x_wconf 85' lang='lat' dir='ltr'>ilarius</span> <span class='ocrx_word' id='word_1_657' title='bbox 894 5076 998 5142; x_wconf 84' lang='lat' dir='ltr'>tlelluit,</span> <span class='ocrx_word' id='word_1_658' title='bbox 1051 5088 1095 5132; x_wconf 84' lang='lat' dir='ltr'>tur</span> <span class='ocrx_word' id='word_1_659' title='bbox 1109 5077 1204 5146; x_wconf 74' lang='lat' dir='ltr'>:jum</span> <span class='ocrx_word' id='word_1_660' title='bbox 1220 5092 1301 5145; x_wconf 66' lang='lat' dir='ltr'>aloem</span> <span class='ocrx_word' id='word_1_661' title='bbox 1311 5087 1354 5131; x_wconf 90' lang='lat' dir='ltr'>est</span> <span class='ocrx_word' id='word_1_662' title='bbox 1375 5074 1518 5131; x_wconf 82' lang='lat' dir='ltr'>llontauea</span> <span class='ocrx_word' id='word_1_663' title='bbox 1535 5077 1623 5145; x_wconf 67' lang='lat' dir='ltr'>nigra,</span> <span class='ocrx_word' id='word_1_664' title='bbox 1636 5092 1721 5148; x_wconf 82' lang='lat' dir='ltr'>quam</span> <span class='ocrx_word' id='word_1_665' title='bbox 1741 5078 1836 5134; x_wconf 81' lang='lat' dir='ltr'>attulli-</span> 
     </span>
     <span class='ocr_line' id='line_1_53' title="bbox 215 5143 1835 5222; baseline 0.002 -21"><span class='ocrx_word' id='word_1_666' title='bbox 215 5148 354 5222; x_wconf 76' lang='lat' dir='ltr'>quisseon</span> <span class='ocrx_word' id='word_1_667' title='bbox 369 5147 403 5200; x_wconf 84' lang='lat' dir='ltr'>ah</span> <span class='ocrx_word' id='word_1_668' title='bbox 417 5145 514 5199; x_wconf 79' lang='lat' dir='ltr'>ineolis</span> <span class='ocrx_word' id='word_1_669' title='bbox 533 5143 695 5213; x_wconf 83' lang='lat' dir='ltr'>appellatur,</span> <span class='ocrx_word' id='word_1_670' title='bbox 708 5146 788 5214; x_wconf 83' lang='lat' dir='ltr'>cujus</span> <span class='ocrx_word' id='word_1_671' title='bbox 810 5146 872 5201; x_wconf 89' lang='lat' dir='ltr'>lons</span> <span class='ocrx_word' id='word_1_672' title='bbox 885 5157 932 5200; x_wconf 90' lang='lat' dir='ltr'>aut</span> <span class='ocrx_word' id='word_1_673' title='bbox 951 5162 1000 5217; x_wconf 90' lang='lat' dir='ltr'>po·</span> <span class='ocrx_word' id='word_1_674' title='bbox 1051 5149 1118 5204; x_wconf 79' lang='lat' dir='ltr'>tullo</span> <span class='ocrx_word' id='word_1_675' title='bbox 1134 5146 1454 5203; x_wconf 85' lang='lat' dir='ltr'>inltahltatcremitarum</span> <span class='ocrx_word' id='word_1_676' title='bbox 1482 5148 1598 5203; x_wconf 74' lang='lat' dir='ltr'>(liversis</span> <span class='ocrx_word' id='word_1_677' title='bbox 1614 5148 1717 5219; x_wconf 79' lang='lat' dir='ltr'>linguis</span> <span class='ocrx_word' id='word_1_678' title='bbox 1733 5157 1761 5203; x_wconf 85' lang='lat' dir='ltr'>et</span> <span class='ocrx_word' id='word_1_679' title='bbox 1775 5164 1835 5204; x_wconf 88' lang='lat' dir='ltr'>ruo·</span> 
     </span>
     <span class='ocr_line' id='line_1_54' title="bbox 217 5187 1836 5299; baseline -0.004 -22"><span class='ocrx_word' id='word_1_680' title='bbox 217 5224 273 5277; x_wconf 79' lang='lat' dir='ltr'>tiua</span> <span class='ocrx_word' id='word_1_681' title='bbox 283 5218 423 5288; x_wconf 76' lang='lat' dir='ltr'>scaturigo</span> <span class='ocrx_word' id='word_1_682' title='bbox 438 5217 464 5270; x_wconf 92' lang='lat' dir='ltr'>in</span> <span class='ocrx_word' id='word_1_683' title='bbox 476 5215 691 5296; x_wconf 70' lang='lat' dir='ltr'>Qualitagesiuta</span> <span class='ocrx_word' id='word_1_684' title='bbox 710 5215 842 5272; x_wconf 83' lang='lat' dir='ltr'>dutttaxat</span> <span class='ocrx_word' id='word_1_685' title='bbox 856 5225 930 5271; x_wconf 70' lang='lat' dir='ltr'>tenuta</span> <span class='ocrx_word' id='word_1_686' title='bbox 952 5233 1000 5287; x_wconf 81' lang='lat' dir='ltr'>per</span> <span class='ocrx_word' id='word_1_687' title='bbox 1050 5221 1126 5273; x_wconf 83' lang='lat' dir='ltr'>ribus</span> <span class='ocrx_word' id='word_1_688' title='bbox 1139 5217 1223 5272; x_wconf 78' lang='lat' dir='ltr'>Delam</span> <span class='ocrx_word' id='word_1_689' title='bbox 1246 5218 1426 5272; x_wconf 72' lang='lat' dir='ltr'>iaculantium.</span> <span class='ocrx_word' id='word_1_690' title='bbox 1445 5187 1520 5273; x_wconf 72' lang='lat' dir='ltr'>tium</span> <span class='ocrx_word' id='word_1_691' title='bbox 1533 5219 1686 5288; x_wconf 79' lang='lat' dir='ltr'>patriarcha</span> <span class='ocrx_word' id='word_1_692' title='bbox 1712 5219 1836 5299; x_wconf 77' lang='lat' dir='ltr'>principa</span> 
     </span>
     <span class='ocr_line' id='line_1_55' title="bbox 216 5287 1835 5364; baseline -0.002 -17"><span class='ocrx_word' id='word_1_693' title='bbox 216 5290 342 5364; x_wconf 70' lang='lat' dir='ltr'>ungulos</span> <span class='ocrx_word' id='word_1_694' title='bbox 357 5303 443 5344; x_wconf 87' lang='lat' dir='ltr'>anrros</span> <span class='ocrx_word' id='word_1_695' title='bbox 468 5287 584 5356; x_wconf 89' lang='lat' dir='ltr'>repletur</span> <span class='ocrx_word' id='word_1_696' title='bbox 597 5300 712 5355; x_wconf 84' lang='lat' dir='ltr'>prsctutn</span> <span class='ocrx_word' id='word_1_697' title='bbox 732 5287 913 5351; x_wconf 80' lang='lat' dir='ltr'>multitudiue,</span> <span class='ocrx_word' id='word_1_698' title='bbox 926 5289 1000 5358; x_wconf 76' lang='lat' dir='ltr'>quael</span> <span class='ocrx_word' id='word_1_699' title='bbox 1050 5301 1075 5346; x_wconf 89' lang='lat' dir='ltr'>et</span> <span class='ocrx_word' id='word_1_700' title='bbox 1088 5292 1156 5345; x_wconf 83' lang='lat' dir='ltr'>tiuce</span> <span class='ocrx_word' id='word_1_701' title='bbox 1173 5303 1271 5360; x_wconf 81' lang='lat' dir='ltr'>tnaguo</span> <span class='ocrx_word' id='word_1_702' title='bbox 1285 5304 1347 5343; x_wconf 88' lang='lat' dir='ltr'>cum</span> <span class='ocrx_word' id='word_1_703' title='bbox 1359 5289 1498 5359; x_wconf 89' lang='lat' dir='ltr'>triumpho</span> <span class='ocrx_word' id='word_1_704' title='bbox 1509 5299 1632 5361; x_wconf 87' lang='lat' dir='ltr'>receptus</span> <span class='ocrx_word' id='word_1_705' title='bbox 1647 5289 1680 5343; x_wconf 88' lang='lat' dir='ltr'>ad</span> <span class='ocrx_word' id='word_1_706' title='bbox 1696 5288 1835 5344; x_wconf 83' lang='lat' dir='ltr'>cavitatem</span> 
     </span>
     <span class='ocr_line' id='line_1_56' title="bbox 216 5356 1835 5439; baseline -0.004 -19"><span class='ocrx_word' id='word_1_707' title='bbox 216 5379 249 5420; x_wconf 74' lang='lat' dir='ltr'>aa</span> <span class='ocrx_word' id='word_1_708' title='bbox 269 5361 316 5418; x_wconf 85' lang='lat' dir='ltr'>tiie</span> <span class='ocrx_word' id='word_1_709' title='bbox 342 5358 463 5429; x_wconf 70' lang='lat' dir='ltr'>religiosi</span> <span class='ocrx_word' id='word_1_710' title='bbox 482 5356 656 5439; x_wconf 37' lang='lat' dir='ltr'>&#39;sullieienter</span> <span class='ocrx_word' id='word_1_711' title='bbox 689 5357 847 5412; x_wconf 86' lang='lat' dir='ltr'>rehciantur</span> <span class='ocrx_word' id='word_1_712' title='bbox 876 5358 998 5426; x_wconf 73' lang='lat' dir='ltr'>Armeni,</span> <span class='ocrx_word' id='word_1_713' title='bbox 1051 5376 1138 5431; x_wconf 83' lang='lat' dir='ltr'>usque</span> <span class='ocrx_word' id='word_1_714' title='bbox 1150 5361 1284 5415; x_wconf 77' lang='lat' dir='ltr'>deductus</span> <span class='ocrx_word' id='word_1_715' title='bbox 1299 5360 1439 5431; x_wconf 71' lang='lat' dir='ltr'>ingressus</span> <span class='ocrx_word' id='word_1_716' title='bbox 1452 5373 1504 5425; x_wconf 82' lang='lat' dir='ltr'>est,</span> <span class='ocrx_word' id='word_1_717' title='bbox 1521 5362 1565 5414; x_wconf 88' lang='lat' dir='ltr'>eui</span> <span class='ocrx_word' id='word_1_718' title='bbox 1584 5376 1613 5415; x_wconf 87' lang='lat' dir='ltr'>se</span> <span class='ocrx_word' id='word_1_719' title='bbox 1634 5369 1662 5413; x_wconf 82' lang='lat' dir='ltr'>et</span> <span class='ocrx_word' id='word_1_720' title='bbox 1684 5362 1835 5415; x_wconf 85' lang='lat' dir='ltr'>exercitum</span> 
     </span>
     <span class='ocr_line' id='line_1_57' title="bbox 235 5428 1835 5501; baseline -0.001 -14"><span class='ocrx_word' id='word_1_721' title='bbox 235 5434 243 5446; x_wconf 89' lang='lat'>’</span> <span class='ocrx_word' id='word_1_722' title='bbox 337 5431 453 5487; x_wconf 83' lang='lat' dir='ltr'>ulterius</span> <span class='ocrx_word' id='word_1_723' title='bbox 481 5444 508 5483; x_wconf 91' lang='lat' dir='ltr'>tn</span> <span class='ocrx_word' id='word_1_724' title='bbox 533 5428 816 5499; x_wconf 81' lang='lat' dir='ltr'>Quadragesimanou</span> <span class='ocrx_word' id='word_1_725' title='bbox 841 5433 998 5486; x_wconf 81' lang='lat' dir='ltr'>cotrresturi.</span> <span class='ocrx_word' id='word_1_726' title='bbox 1049 5434 1106 5489; x_wconf 80' lang='lat' dir='ltr'>dtu</span> <span class='ocrx_word' id='word_1_727' title='bbox 1127 5433 1240 5486; x_wconf 77' lang='lat' dir='ltr'>ennelino</span> <span class='ocrx_word' id='word_1_728' title='bbox 1255 5431 1402 5499; x_wconf 85' lang='lat' dir='ltr'>corutuisit,</span> <span class='ocrx_word' id='word_1_729' title='bbox 1420 5431 1446 5484; x_wconf 93' lang='lat' dir='ltr'>oi</span> <span class='ocrx_word' id='word_1_730' title='bbox 1469 5444 1500 5486; x_wconf 90' lang='grc' dir='ltr'>ιιι</span> <span class='ocrx_word' id='word_1_731' title='bbox 1522 5430 1643 5501; x_wconf 87' lang='lat' dir='ltr'>paternis</span> <span class='ocrx_word' id='word_1_732' title='bbox 1672 5444 1835 5486; x_wconf 75' lang='lat' dir='ltr'>asseremus</span> 
     </span>
     <span class='ocr_line' id='line_1_58' title="bbox 216 5447 1835 5572; baseline -0.001 -15"><span class='ocrx_word' id='word_1_733' title='bbox 216 5447 344 5562; x_wconf 54' lang='lat' dir='ltr'>mm</span> <span class='ocrx_word' id='word_1_734' title='bbox 356 5501 412 5557; x_wconf 79' lang='lat' dir='ltr'>dux</span> <span class='ocrx_word' id='word_1_735' title='bbox 424 5501 618 5565; x_wconf 77' lang='lat' dir='ltr'>infirmaretur,</span> <span class='ocrx_word' id='word_1_736' title='bbox 634 5498 753 5554; x_wconf 82' lang='lat' dir='ltr'>visitavit</span> <span class='ocrx_word' id='word_1_737' title='bbox 768 5513 831 5554; x_wconf 90' lang='lat' dir='ltr'>eum</span> <span class='ocrx_word' id='word_1_738' title='bbox 841 5498 1000 5564; x_wconf 81' lang='lat' dir='ltr'>Catholieua</span> <span class='ocrx_word' id='word_1_739' title='bbox 1050 5518 1080 5559; x_wconf 89' lang='lat' dir='ltr'>se</span> <span class='ocrx_word' id='word_1_740' title='bbox 1097 5503 1208 5558; x_wconf 67' lang='lat' dir='ltr'>«obedire</span> <span class='ocrx_word' id='word_1_741' title='bbox 1220 5500 1287 5558; x_wconf 80' lang='lat' dir='ltr'>uelle</span> <span class='ocrx_word' id='word_1_742' title='bbox 1309 5488 1394 5572; x_wconf 69' lang='lat' dir='ltr'>priecc</span> <span class='ocrx_word' id='word_1_743' title='bbox 1415 5506 1461 5557; x_wconf 86' lang='lat' dir='ltr'>tis.</span> <span class='ocrx_word' id='word_1_744' title='bbox 1480 5503 1600 5555; x_wconf 80' lang='lat' dir='ltr'>huttiens</span> <span class='ocrx_word' id='word_1_745' title='bbox 1614 5500 1761 5555; x_wconf 82' lang='lat' dir='ltr'>Salauiuus</span> <span class='ocrx_word' id='word_1_746' title='bbox 1777 5502 1835 5557; x_wconf 80' lang='lat' dir='ltr'>hae</span> 
     </span>
     <span class='ocr_line' id='line_1_59' title="bbox 217 5518 1834 5653; baseline -0.003 -22"><span class='ocrx_word' id='word_1_747' title='bbox 217 5574 410 5631; x_wconf 69' lang='lat' dir='ltr'>Atmiuleosis.</span> <span class='ocrx_word' id='word_1_748' title='bbox 424 5571 485 5653; x_wconf 82' lang='lat' dir='ltr'>Quo</span> <span class='ocrx_word' id='word_1_749' title='bbox 500 5569 612 5640; x_wconf 84' lang='lat' dir='ltr'>proinde</span> <span class='ocrx_word' id='word_1_750' title='bbox 625 5569 799 5652; x_wconf 72' lang='lat' dir='ltr'>‹iratioehiam</span> <span class='ocrx_word' id='word_1_751' title='bbox 815 5572 922 5642; x_wconf 76' lang='lat' dir='ltr'>navigio</span> <span class='ocrx_word' id='word_1_752' title='bbox 936 5586 1000 5642; x_wconf 87' lang='lat' dir='ltr'>per·</span> <span class='ocrx_word' id='word_1_753' title='bbox 1050 5574 1127 5628; x_wconf 81' lang='lat' dir='ltr'>urisit</span> <span class='ocrx_word' id='word_1_754' title='bbox 1141 5574 1291 5628; x_wconf 80' lang='lat' dir='ltr'>exercitum</span> <span class='ocrx_word' id='word_1_755' title='bbox 1310 5574 1363 5627; x_wconf 86' lang='lat' dir='ltr'>auh</span> <span class='ocrx_word' id='word_1_756' title='bbox 1389 5518 1584 5628; x_wconf 47' lang='lat' dir='ltr'>lfactatuotno</span> <span class='ocrx_word' id='word_1_757' title='bbox 1600 5569 1685 5625; x_wconf 86' lang='lat' dir='ltr'>lratre</span> <span class='ocrx_word' id='word_1_758' title='bbox 1700 5578 1729 5625; x_wconf 86' lang='lat' dir='ltr'>et</span> <span class='ocrx_word' id='word_1_759' title='bbox 1741 5569 1834 5634; x_wconf 80' lang='lat' dir='ltr'>hiarn-</span> 
     </span>
     <span class='ocr_line' id='line_1_60' title="bbox 187 5643 1836 5714; baseline -0.001 -15"><span class='ocrx_word' id='word_1_760' title='bbox 187 5658 190 5665; x_wconf 89' lang='lat'><strong>·</strong></span> <span class='ocrx_word' id='word_1_761' title='bbox 216 5646 357 5712; x_wconf 82' lang='lat' dir='ltr'>ueniente,</span> <span class='ocrx_word' id='word_1_762' title='bbox 373 5643 549 5698; x_wconf 83' lang='lat' dir='ltr'>Christrattus</span> <span class='ocrx_word' id='word_1_763' title='bbox 566 5651 702 5697; x_wconf 79' lang='lat' dir='ltr'>exereitus</span> <span class='ocrx_word' id='word_1_764' title='bbox 720 5655 882 5711; x_wconf 73' lang='lat' dir='ltr'>progressus</span> <span class='ocrx_word' id='word_1_765' title='bbox 897 5652 1000 5712; x_wconf 83' lang='lat' dir='ltr'>e-tper</span> <span class='ocrx_word' id='word_1_766' title='bbox 1050 5645 1144 5700; x_wconf 89' lang='lat' dir='ltr'>haliun</span> <span class='ocrx_word' id='word_1_767' title='bbox 1168 5645 1225 5698; x_wconf 90' lang='lat' dir='ltr'>thio</span> <span class='ocrx_word' id='word_1_768' title='bbox 1248 5643 1427 5709; x_wconf 87' lang='lat' dir='ltr'>militantem,</span> <span class='ocrx_word' id='word_1_769' title='bbox 1450 5653 1481 5696; x_wconf 90' lang='lat' dir='ltr'>ut</span> <span class='ocrx_word' id='word_1_770' title='bbox 1507 5643 1664 5698; x_wconf 82' lang='lat' dir='ltr'>districtum</span> <span class='ocrx_word' id='word_1_771' title='bbox 1686 5651 1836 5714; x_wconf 82' lang='lat' dir='ltr'>occuparet</span> 
     </span>
     <span class='ocr_line' id='line_1_61' title="bbox 216 5711 1835 5783; baseline -0.002 -11"><span class='ocrx_word' id='word_1_772' title='bbox 216 5715 378 5782; x_wconf 78' lang='lat' dir='ltr'>Poroellam,</span> <span class='ocrx_word' id='word_1_773' title='bbox 388 5713 435 5768; x_wconf 89' lang='lat' dir='ltr'>uhi</span> <span class='ocrx_word' id='word_1_774' title='bbox 455 5712 554 5771; x_wconf 82' lang='lat' dir='ltr'>ilarius</span> <span class='ocrx_word' id='word_1_775' title='bbox 565 5712 665 5767; x_wconf 74' lang='lat' dir='ltr'>unitur</span> <span class='ocrx_word' id='word_1_776' title='bbox 678 5728 740 5770; x_wconf 75' lang='lat' dir='ltr'>esse</span> <span class='ocrx_word' id='word_1_777' title='bbox 753 5713 886 5782; x_wconf 84' lang='lat' dir='ltr'>sepultus,</span> <span class='ocrx_word' id='word_1_778' title='bbox 900 5720 926 5766; x_wconf 86' lang='lat' dir='ltr'>ct</span> <span class='ocrx_word' id='word_1_779' title='bbox 938 5721 1000 5768; x_wconf 68' lang='grc' dir='ltr'>ιιιιο</span> <span class='ocrx_word' id='word_1_780' title='bbox 1049 5713 1146 5771; x_wconf 83' lang='lat' dir='ltr'>Bariti.</span> <span class='ocrx_word' id='word_1_781' title='bbox 1163 5715 1242 5783; x_wconf 79' lang='lat' dir='ltr'>Quod</span> <span class='ocrx_word' id='word_1_782' title='bbox 1256 5715 1311 5770; x_wconf 84' lang='lat' dir='ltr'>dur</span> <span class='ocrx_word' id='word_1_783' title='bbox 1324 5721 1353 5767; x_wconf 83' lang='lat' dir='ltr'>et</span> <span class='ocrx_word' id='word_1_784' title='bbox 1374 5712 1497 5770; x_wconf 90' lang='lat' dir='ltr'>marchio</span> <span class='ocrx_word' id='word_1_785' title='bbox 1512 5711 1704 5783; x_wconf 78' lang='lat' dir='ltr'>percipientes,</span> <span class='ocrx_word' id='word_1_786' title='bbox 1720 5727 1784 5769; x_wconf 84' lang='lat' dir='ltr'>eum</span> <span class='ocrx_word' id='word_1_787' title='bbox 1798 5717 1835 5769; x_wconf 84' lang='lat' dir='ltr'>ah</span> 
     </span>
     <span class='ocr_line' id='line_1_62' title="bbox 216 5781 1835 5857; baseline -0.004 -12"><span class='ocrx_word' id='word_1_788' title='bbox 216 5802 322 5846; x_wconf 78' lang='lat' dir='ltr'>saurus</span> <span class='ocrx_word' id='word_1_789' title='bbox 335 5785 483 5841; x_wconf 74' lang='lat' dir='ltr'>Alexandri</span> <span class='ocrx_word' id='word_1_790' title='bbox 499 5784 660 5839; x_wconf 83' lang='lat' dir='ltr'>absconsus.</span> <span class='ocrx_word' id='word_1_791' title='bbox 674 5783 776 5840; x_wconf 78' lang='lat' dir='ltr'>heintte</span> <span class='ocrx_word' id='word_1_792' title='bbox 789 5798 838 5853; x_wconf 92' lang='lat' dir='ltr'>per</span> <span class='ocrx_word' id='word_1_793' title='bbox 851 5783 998 5853; x_wconf 78' lang='lat' dir='ltr'>qutamtlam</span> <span class='ocrx_word' id='word_1_794' title='bbox 1049 5786 1295 5857; x_wconf 69' lang='lat' dir='ltr'>antiochiamque</span> <span class='ocrx_word' id='word_1_795' title='bbox 1312 5781 1442 5856; x_wconf 87' lang='lat' dir='ltr'>Tripolim</span> <span class='ocrx_word' id='word_1_796' title='bbox 1456 5783 1655 5854; x_wconf 79' lang='lat' dir='ltr'>pervenissent,</span> <span class='ocrx_word' id='word_1_797' title='bbox 1673 5798 1688 5838; x_wconf 83' lang='lat' dir='ltr'>a</span> <span class='ocrx_word' id='word_1_798' title='bbox 1705 5782 1835 5839; x_wconf 81' lang='lat' dir='ltr'>Sarrace-</span> 
     </span>
     <span class='ocr_line' id='line_1_63' title="bbox 216 5852 1836 5932; baseline -0.002 -20"><span class='ocrx_word' id='word_1_799' title='bbox 216 5865 477 5932; x_wconf 77' lang='lat' dir='ltr'>partaratrueturam</span> <span class='ocrx_word' id='word_1_800' title='bbox 485 5855 606 5926; x_wconf 81' lang='lat' dir='ltr'>pervertit</span> <span class='ocrx_word' id='word_1_801' title='bbox 616 5855 650 5909; x_wconf 81' lang='lat' dir='ltr'>ad</span> <span class='ocrx_word' id='word_1_802' title='bbox 661 5853 1000 5925; x_wconf 83' lang='lat' dir='ltr'>eastrurn,quouGuasco·</span> <span class='ocrx_word' id='word_1_803' title='bbox 1050 5858 1104 5924; x_wconf 86' lang='lat' dir='ltr'>nis,</span> <span class='ocrx_word' id='word_1_804' title='bbox 1118 5867 1146 5913; x_wconf 90' lang='lat' dir='ltr'>et</span> <span class='ocrx_word' id='word_1_805' title='bbox 1157 5858 1308 5918; x_wconf 75' lang='lat' dir='ltr'>huttocras,</span> <span class='ocrx_word' id='word_1_806' title='bbox 1323 5865 1351 5910; x_wconf 89' lang='lat' dir='ltr'>et</span> <span class='ocrx_word' id='word_1_807' title='bbox 1374 5855 1436 5910; x_wconf 87' lang='lat' dir='ltr'>aliis</span> <span class='ocrx_word' id='word_1_808' title='bbox 1460 5852 1648 5924; x_wconf 88' lang='lat' dir='ltr'>multipliciter</span> <span class='ocrx_word' id='word_1_809' title='bbox 1665 5853 1798 5920; x_wconf 78' lang='lat' dir='ltr'>intestati,</span> <span class='ocrx_word' id='word_1_810' title='bbox 1815 5867 1836 5914; x_wconf 86' lang='lat' dir='ltr'>a</span> 
     </span>
     <span class='ocr_line' id='line_1_64' title="bbox 216 5922 1836 6002; baseline -0.004 -15"><span class='ocrx_word' id='word_1_811' title='bbox 216 5944 285 5987; x_wconf 75' lang='lat' dir='ltr'>num</span> <span class='ocrx_word' id='word_1_812' title='bbox 301 5928 339 5984; x_wconf 86' lang='lat' dir='ltr'>ah</span> <span class='ocrx_word' id='word_1_813' title='bbox 351 5928 449 5983; x_wconf 87' lang='lat' dir='ltr'>incolis</span> <span class='ocrx_word' id='word_1_814' title='bbox 473 5925 639 5989; x_wconf 89' lang='lat' dir='ltr'>nominatur,</span> <span class='ocrx_word' id='word_1_815' title='bbox 664 5928 736 5997; x_wconf 77' lang='lat' dir='ltr'>quati</span> <span class='ocrx_word' id='word_1_816' title='bbox 759 5941 821 5981; x_wconf 81' lang='lat' dir='ltr'>curu</span> <span class='ocrx_word' id='word_1_817' title='bbox 840 5941 855 5980; x_wconf 91' lang='lat' dir='ltr'>a</span> <span class='ocrx_word' id='word_1_818' title='bbox 871 5922 1000 5980; x_wconf 82' lang='lat' dir='ltr'>Saladino</span> <span class='ocrx_word' id='word_1_819' title='bbox 1050 5926 1153 6000; x_wconf 79' lang='lat' dir='ltr'>&#39;l&#39;rlpoli</span> <span class='ocrx_word' id='word_1_820' title='bbox 1165 5927 1265 6002; x_wconf 74' lang='lat' dir='ltr'>Tyriam</span> <span class='ocrx_word' id='word_1_821' title='bbox 1283 5927 1393 5996; x_wconf 77' lang='lat' dir='ltr'>rrarigin</span> <span class='ocrx_word' id='word_1_822' title='bbox 1413 5931 1605 5996; x_wconf 80' lang='lat' dir='ltr'>pervenerunt,</span> <span class='ocrx_word' id='word_1_823' title='bbox 1625 5924 1674 5979; x_wconf 85' lang='lat' dir='ltr'>uhi</span> <span class='ocrx_word' id='word_1_824' title='bbox 1693 5937 1758 5982; x_wconf 78' lang='lat' dir='ltr'>oasa</span> <span class='ocrx_word' id='word_1_825' title='bbox 1781 5925 1836 5980; x_wconf 79' lang='lat' dir='ltr'>lm·</span> 
     </span>
     <span class='ocr_line' id='line_1_65' title="bbox 216 5996 1641 6070; baseline -0.006 -12"><span class='ocrx_word' id='word_1_826' title='bbox 216 6001 397 6063; x_wconf 73' lang='lat' dir='ltr'>detimretm,</span> <span class='ocrx_word' id='word_1_827' title='bbox 413 5997 588 6055; x_wconf 84' lang='lat' dir='ltr'>Christianus</span> <span class='ocrx_word' id='word_1_828' title='bbox 600 6001 735 6053; x_wconf 83' lang='lat' dir='ltr'>exercitus</span> <span class='ocrx_word' id='word_1_829' title='bbox 752 6011 768 6052; x_wconf 86' lang='lat' dir='ltr'>a</span> <span class='ocrx_word' id='word_1_830' title='bbox 786 5996 935 6067; x_wconf 70' lang='lat' dir='ltr'>sagittariis</span> <span class='ocrx_word' id='word_1_831' title='bbox 946 5997 993 6050; x_wconf 90' lang='lat' dir='ltr'>im·</span> <span class='ocrx_word' id='word_1_832' title='bbox 1050 6000 1183 6070; x_wconf 78' lang='lat' dir='ltr'>paratoria</span> <span class='ocrx_word' id='word_1_833' title='bbox 1198 6014 1269 6056; x_wconf 77' lang='lat' dir='ltr'>area</span> <span class='ocrx_word' id='word_1_834' title='bbox 1281 5999 1389 6054; x_wconf 89' lang='lat' dir='ltr'>tumulo</span> <span class='ocrx_word' id='word_1_835' title='bbox 1403 5996 1641 6054; x_wconf 82' lang='lat' dir='ltr'>commendarunt.</span> 
     </span>
    </p>
   </div>
   <div class='ocr_carea' id='block_1_7' title="bbox 214 6070 382 6149">
    <p class='ocr_par' dir='ltr' id='par_1_7' title="bbox 214 6070 382 6149">
     <span class='ocr_line' id='line_1_66' title="bbox 214 6070 382 6149; baseline -0.036 -22"><span class='ocrx_word' id='word_1_836' title='bbox 214 6070 382 6149; x_wconf 65' lang='grc' dir='ltr'>μιιιιιιι.</span> 
     </span>
    </p>
   </div>
   <div class='ocr_carea' id='block_1_8' title="bbox 0 0 2180 6709">
    <p class='ocr_par' dir='ltr' id='par_1_8' title="bbox 0 0 2180 6709">
     <span class='ocr_line' id='line_1_67' title="bbox 0 0 2180 6709; baseline 0 0"><span class='ocrx_word' id='word_1_837' title='bbox 0 0 2180 6709; x_wconf 95' lang='lat' dir='ltr'> </span> 
     </span>
    </p>
   </div>
  </div>
 </body>
</html>
