4350 6709
222 454 276 513 8⁸⁹
645 457 818 531 Lttttttttte
842 454 1002 513 ott'attsts
1025 452 1213 515 ominus
1229 452 1423 514 Eccum.
1793 453 1848 524 050

220 573 280 630 baec
296 573 332 630 ab
344 573 548 646 expositoribus
564 573 757 630 sanetisaliter
771 580 948 643 pertractata,
961 570 1047 630 serta
1063 571 1145 628 etiam
1161 572 1189 627 in
1207 571 1261 628 boc
1279 570 1376 629 ordine
1393 570 1487 642 plures
1504 571 1690 637 inveniuntur,
1705 572 1752 644 qui
1770 575 1845 629 ordi·

220 661 249 719 ia
263 659 308 718 lais
329 670 371 717 est
385 662 673 733 quiddamcanonicis
686 664 748 720 istis
765 680 928 734 congruum,
944 662 1009 735 quala
1059 674 1122 717 nem
1143 676 1222 717 suum
1242 663 1440 734 aliquantisper
1465 663 1610 719 honorant.
1637 661 1743 720 liabent
1762 665 1845 721 etiam

218 760 249 811 et
264 752 345 810 lesus
368 769 430 809 cum
450 755 593 825 discipulis
618 756 742 811 introivit
758 756 786 810 in
805 757 955 820 civitatem,
981 765 1009 813 et
1059 755 1151 824 plures
1170 770 1265 812 eorum
1280 756 1408 828 antiquas
1431 771 1592 812 communes
1617 756 1730 820 dumos,
1750 765 1780 812 ut
1803 767 1846 814 est

218 845 321 899 mansit
343 846 370 900 in
389 846 471 903 domo
487 847 604 918 quadam
619 848 749 912 ciuitatis,
763 855 791 903 et
806 849 859 904 boc
872 849 900 904 ln
914 862 1010 904 coena·
1058 850 1208 907 claustrum
1234 858 1261 907 et
1288 850 1490 917 refectorium,
1523 858 1551 906 et
1577 849 1735 922 frequenter
1760 852 1844 907 etiarn

219 937 284 990 culo
298 937 489 1003 illiusdomus,
498 946 527 995 et
536 940 574 998 ibi
590 956 653 995 eum
669 940 812 1011 discipulis
822 942 923 1010 paseha
936 943 1009 996 cele·
1058 944 1159 1014 saepius
1186 943 1268 999 simul
1298 944 1460 1009 conredunt,
1488 943 1580 1000 audivl
1605 943 1688 998 etiarn
1710 944 1843 1014 quosdam

220 1027 319 1092 brevit,
333 1038 360 1084 et
370 1038 540 1087 sacramenta
555 1034 679 1104 eorporis
691 1042 718 1091 et
730 1034 872 1106 sanguinis
895 1035 936 1089 sui
952 1042 1008 1088 tra·
1057 1036 1139 1090 slruul
1152 1033 1312 1106 quiescere:
1325 1035 1372 1105 qui
1388 1032 1478 1092 autern
1493 1035 1562 1091 benc
1578 1030 1700 1098 metant,
1715 1034 1785 1089 alios
1800 1035 1843 1088 sui

219 1119 298 1175 didit.
309 1118 450 1192 Perpende
465 1123 548 1196 igitur
561 1126 710 1181 canorricos
726 1127 774 1197 qui
794 1126 864 1181 inter
884 1126 1007 1184 homines
1057 1126 1164 1182 ordinis
1179 1127 1253 1197 viros
1271 1127 1305 1181 ad
1327 1127 1428 1182 similia
1448 1126 1575 1193 inritent,
1589 1126 1636 1199 qui
1650 1134 1742 1182 autem
1755 1125 1844 1182 adbuc

219 1212 331 1276 vivunt,
347 1214 370 1270 si
394 1228 449 1269 non
466 1214 593 1273 similiter
605 1214 710 1272 laciunt
724 1218 767 1273 rel
792 1216 881 1274 iacere
896 1218 1028 1275 debem..
1058 1217 1158 1274 infirmi
1172 1226 1247 1283 sunt,
1261 1218 1390 1274 tortiores
1403 1217 1553 1275 imitentur.

219 1300 361 1359 introeunt
382 1305 455 1360 enirn
480 1305 509 1361 in
524 1307 679 1372 civitatem,
695 1314 725 1364 ut
740 1307 843 1379 pascha
856 1308 1005 1374 eelebrent,
1093 1308 1137 1365 72.
1150 1305 1178 1362 Si
1193 1315 1282 1364 autem
1299 1309 1455 1380 requiratur
1468 1323 1548 1379 quem
1562 1309 1632 1366 tales
1643 1308 1767 1365 canonici
1783 1314 1845 1380 post

220 1391 248 1448 id
270 1396 400 1450 estviatn
423 1395 457 1452 de
476 1406 564 1453 morte
578 1399 611 1453 ad
626 1399 709 1455 vitam
731 1399 897 1472 sequendam
914 1408 1008 1457 osten·
1056 1397 1197 1469 Christum
1221 1405 1248 1454 et
1272 1398 1333 1469 ejus
1360 1399 1500 1468 apostolos
1526 1397 1634 1454 Patrem
1663 1399 1843 1455 iustitutionis

218 1482 296 1549 dant,
310 1494 422 1542 manent
445 1487 471 1541 in
493 1489 574 1544 domo
593 1490 752 1560 cujusdam,
769 1506 831 1546 euru
856 1492 937 1547 rrrrius
951 1506 1007 1562 prae
1056 1490 1140 1561 hujus
1166 1498 1193 1546 et
1219 1489 1324 1546 ordinis
1349 1491 1392 1547 sui
1421 1489 1538 1547 debeant
1561 1490 1720 1561 appellare,
1737 1489 1843 1545 nullum

218 1578 444 1636 oetefisdevotio
457 1582 678 1638 eisdcrndornum
692 1583 726 1639 ad
741 1584 917 1641 habitandum
929 1584 1005 1649 lacit,
1056 1587 1139 1641 alium
1155 1585 1253 1642 melius
1273 1585 1446 1651 invenimus,
1460 1585 1523 1640 licet
1544 1584 1623 1638 multi
1640 1585 1842 1655 praecesserint,

218 1668 261 1724 vel
282 1669 310 1726 ln
340 1670 511 1742 professione
532 1690 600 1740 sua,
624 1685 651 1731 et
679 1677 825 1732 eeclesiam
844 1683 871 1732 et
896 1675 1006 1733 domum
1055 1676 1272 1746 quicletieorum
1288 1674 1383 1734 Patres
1397 1675 1595 1747 luerint‚quam
1607 1673 1637 1730 ll.
1649 1673 1841 1746 Augustinum.

218 1756 1005 1839 taciendamconcedit.0stenditetcoenaculuminagnum
1056 1766 1095 1821 Er
1115 1783 1148 1822 eo
1176 1768 1249 1822 enim
1270 1767 1342 1837 quod
1366 1781 1450 1838 prope
1475 1766 1614 1821 civitatem
1641 1763 1842 1836 Hipponensem

217 1858 333 1906 stratum
348 1892 355 1916 ,
372 1869 433 1908 cum
449 1855 529 1911 talem
546 1858 634 1912 loeurn
651 1865 743 1929 aptum
766 1862 895 1930 supernis
909 1859 1005 1917 officiis
1023 1852 1028 1857 ’
1055 1861 1199 1917 ecclesiam
1218 1860 1333 1913 lratrum
1347 1857 1497 1915 secundum
1512 1857 1656 1928 llegulam,
1672 1857 1723 1912 sub
1739 1857 1843 1913 sanctis

217 1943 398 2003 demonstrat.
422 1946 515 2004 Potest
529 1951 611 2005 etiam
630 1951 682 2008 iste
699 1952 810 2023 quidam
827 1954 909 2010 bomo
922 1970 1005 2011 cumt-
1056 1953 1189 2025 apostolis
1210 1952 1387 2007 constitutam
1411 1949 1545 2014 instituit,
1569 1956 1647 2019 pater
1664 1949 1772 2003 illorum
1793 1948 1841 2018 qui

217 2037 322 2104 gelieus
337 2038 429 2106 plures
457 2038 578 2096 indicare
600 2042 642 2097 vel
669 2042 853 2112 pluresesse,
870 2043 1005 2104 sedunus
1053 2043 1132 2113 justa
1148 2043 1274 2097 homines
1300 2048 1364 2096 sunt
1388 2053 1462 2097 recte
1482 2037 1701 2111 appellatoriis
1722 2054 1756 2095 eo
1777 2055 1842 2096 reto

216 2129 375 2198 dimicant,
396 2139 506 2202 propter
522 2134 678 2190 unanimem
692 2149 756 2206 erga
768 2134 853 2191 Deum
869 2144 896 2193 et
911 2153 1005 2195 servos
1055 2136 1128 2206 quod
1153 2136 1182 2191 in
1204 2135 1345 2207 episcopio
1363 2134 1488 2206 positus,
1519 2147 1582 2186 cum
1604 2129 1736 2187 iratribus
1758 2130 1840 2187 etiam

215 2221 276 2290 ejus
289 2223 466 2285 voluntatem,
481 2223 510 2279 ln
532 2225 579 2281 tali
601 2227 682 2282 etiam
697 2227 870 2300 locopascba
892 2230 1006 2287 adisci·
1055 2228 1236 2285 oummunitcr
1256 2228 1340 2291 vixit,
1363 2242 1458 2284 eorum
1480 2223 1561 2281 etiarn
1584 2224 1632 2296 qui
1658 2225 1731 2281 inter
1747 2223 1841 2295 plebes

216 2312 288 2384 pulis
302 2322 481 2385 praeparatur,
498 2324 526 2372 ct
546 2331 561 2371 a
575 2316 640 2374 Jesu
655 2318 875 2376 desiderabiliter
888 2322 1005 2378 mandu-
1054 2335 1117 2376 cum
1128 2319 1315 2391 episcopisvcl
1329 2319 1381 2377 sub
1394 2316 1531 2390 episcopis
1543 2315 1656 2389 degunt,
1667 2324 1744 2386 pater
1754 2314 1841 2371 luisse

214 2413 306 2470 catur,
332 2422 394 2462 eum
411 2409 568 2465 mansiones
590 2409 797 2469 tratriburbeo
821 2410 1004 2471 servientibus
1051 2413 1115 2484 jure
1132 2411 1248 2469 dicetur.
1263 2410 1378 2467 Exstant
1398 2410 1480 2466 etiarn
1496 2423 1637 2466 sermones
1656 2407 1717 2478 ejus
1735 2406 1769 2462 de
1783 2406 1840 2463 rita

214 2506 354 2570 aptantur,
370 2508 401 2555 ut
424 2501 451 2557 in
471 2510 606 2559 corrveutu
628 2504 760 2563 iratribus
782 2505 961 2578 psallentibus
976 2514 1004 2566 et
1053 2496 1215 2564 alenceium
1230 2505 1328 2572 babiti,
1343 2503 1551 2575 ubiapparetet
1563 2499 1672 2570 eosqui
1698 2506 1762 2555 ante
1781 2498 1842 2568 epl-

213 2593 368 2658 orantibus,
382 2600 409 2649 et
420 2593 447 2649 in
460 2594 570 2651 atomine
579 2594 684 2652 bomini
701 2595 764 2653 iesu
779 2599 962 2669 congregatis,
975 2600 1003 2656 in
1053 2607 1197 2671 scopatum
1215 2599 1276 2671 ejus
1296 2612 1358 2654 curn
1372 2611 1404 2652 eo
1418 2595 1565 2676 vixerunt,
1579 2600 1607 2650 et
1620 2608 1668 2649 eos
1681 2592 1728 2663 qui
1743 2590 1771 2646 in
1782 2592 1840 2664 epi-

214 2683 413 2741 medioeorum
429 2685 607 2744 deambulans
625 2687 746 2759 ipsorum
758 2691 927 2761 prolectibus
939 2692 1003 2748 rell·
1053 2701 1167 2764 scopato
1178 2706 1240 2748 cum
1253 2706 1286 2748 eo
1294 2697 1463 2755 manserunt,
1474 2687 1555 2745 simili
1568 2684 1650 2742 modo
1659 2683 1840 2742 communiter

215 2773 315 2834 ciatur.
1051 2796 1080 2845 et
1102 2785 1264 2859 regulariter
1280 2784 1392 2841 vixisse.
1408 2781 1487 2850 Quod
1512 2787 1602 2835 autem
1618 2779 1646 2835 in
1667 2777 1721 2833 boe
1743 2777 1841 2834 ordine

251 2867 296 2924 il.
318 2868 357 2924 De
371 2870 498 2928 domibus
510 2874 591 2929 etiarn
603 2875 806 2944 communibus,
825 2893 894 2949 quas
909 2879 1003 2951 plures
1051 2875 1142 2950 agitur
1156 2876 1190 2935 dc
1203 2875 1415 2949 quoloquimur‚
1428 2874 1566 2932 sibonum
1584 2877 1637 2937 est,
1653 2877 1798 2938 teneatur;
1813 2870 1838 2926 sl

214 2973 310 3015 eorum
323 2976 378 3016 non
398 2962 517 3029 babent,
533 2965 556 3020 si
571 2981 587 3020 a
601 2982 645 3022 me
656 2967 791 3037 requiras,
807 2970 874 3041 quid
887 2986 1002 3043 respon·
1051 2985 1119 3029 vcro
1130 2985 1256 3044 pratum,
1274 2970 1441 3042 corrigatur,
1455 2975 1485 3023 ut
1497 2965 1625 3023 Christus
1638 2963 1668 3020 in
1685 2963 1728 3021 eis
1744 2961 1840 3019 laude·

213 3052 293 3108 deant
305 3053 408 3119 nescio,
421 3055 474 3110 nisi
488 3056 557 3112 lorte
573 3059 634 3129 quis
646 3060 709 3115 velit
724 3061 814 3119 dicere
827 3079 875 3120 eos
893 3070 922 3121 et
943 3064 1002 3123 sin·
1051 3072 1109 3132 tur,
1124 3070 1228 3122 etcum
1246 3063 1353 3122 venerit
1368 3060 1454 3134 iudex
1468 3059 1591 3116 omnium
1606 3057 1796 3130 unusquisque
1809 3055 1839 3111 in

214 3148 326 3220 galatim
340 3165 421 3220 posse
430 3166 550 3215 manere,
564 3160 591 3208 et
601 3152 635 3208 de
646 3156 784 3211 comnmni
799 3172 881 3227 posse
895 3158 999 3217 virere.
1052 3173 1104 3216 suo
1116 3158 1212 3215 ordine
1226 3171 1374 3228 resurgens
1395 3152 1506 3227 praemia
1524 3159 1626 3209 aetema
1641 3156 1836 3222 consequatur.

214 3236 273 3294 lloc
298 3238 371 3294 eninr
392 3248 420 3296 et
441 3240 513 3312 apud
533 3242 662 3313 antiquos
680 3246 810 3301 eremitas
834 3246 998 3313 invenimus.
1012 3254 1034 3315 c
1050 3251 1152 3309 Precor
1159 3260 1249 3308 autem
1260 3251 1421 3306 charitatem
1434 3255 1509 3302 tuam
1519 3246 1676 3316 quicunque
1686 3243 1745 3300 baec
1757 3243 1837 3314 legis,

212 3347 333 3402 quorum
357 3333 479 3404 plerique
503 3350 553 3405 per
571 3336 685 3393 cellulas
707 3353 771 3395 suas
796 3341 959 3408 manebant,
973 3351 1000 3398 et
1051 3345 1074 3401 si
1092 3344 1155 3400 talis
1167 3358 1209 3408 es,
1223 3342 1267 3398 cui
1283 3341 1355 3398 Deus
1370 3339 1474 3395 tribuat
1488 3337 1675 3402 intellectum,
1690 3335 1714 3391 si
1734 3333 1838 3404 aliquid

213 3430 304 3479 tamen
319 3425 353 3481 de
365 3427 503 3481 communi
513 3428 650 3505 virebant.
669 3428 697 3484 st
711 3439 801 3487 autern
816 3432 860 3487 lue
874 3434 1001 3490 similiter
1051 3436 1116 3493 boni
1137 3435 1293 3498 inueneris,
1308 3430 1423 3488 benedic
1437 3428 1599 3496 Dominum
1614 3427 1637 3484 si
1652 3440 1719 3483 vero
1733 3424 1837 3496 aliquid

214 3515 301 3582 lieret,
320 3519 388 3574 nibil
408 3527 456 3575 aut
477 3535 574 3592 parum
599 3522 704 3577 cellulae
722 3524 763 3578 rel
782 3522 882 3581 damus
905 3525 1001 3582 divisa
1050 3528 1193 3585 dissonum
1207 3535 1236 3583 ct
1250 3528 1432 3597 incongruum
1446 3521 1595 3587 inveneris,
1610 3519 1704 3577 statim
1717 3519 1835 3591 corrige,

212 3609 353 3666 obessent.
371 3608 425 3666 Sed
440 3626 503 3666 eum
518 3613 707 3683 unusquisque
722 3612 851 3668 lanriliam
860 3623 998 3686 aggregat,
1049 3619 1123 3691 quod
1138 3618 1259 3674 notabile
1273 3615 1418 3689 repereris.

213 3702 327 3772 insuper
345 3712 372 3757 et
387 3703 515 3760 mulieres
537 3719 629 3760 secum
652 3721 764 3763 manere
778 3707 955 3779 permittunt,
970 3717 1000 3763 tu
1086 3709 1294 3782 tabescente
1309 3707 1393 3779 igitur
1410 3704 1518 3762 duobus
1536 3700 1681 3776 tripertitis
1692 3698 1836 3759 ordinibus

213 3789 272 3860 ipse
288 3789 362 3848 vides
376 3792 442 3863 quid
457 3792 520 3850 inde
529 3794 788 3867 contingat.Sedut
800 3796 903 3869 aliquid
917 3798 1000 3855 etiam
1050 3803 1249 3861 monachorum
1276 3807 1304 3856 et
1331 3797 1549 3860 canonicorum,
1578 3806 1697 3866 quorum
1723 3789 1836 3864 partitio

212 3896 363 3953 congruunt
379 3883 413 3940 de
428 3883 644 3942 habitationibus
668 3902 762 3943 eorum
782 3887 916 3954 dieamus,
930 3904 999 3961 quo·
1049 3895 1138 3966 prima
1149 3892 1252 3949 dicitur
1265 3891 1452 3954 eremitarum,
1467 3885 1515 3959 qul
1530 3883 1688 3955 frequentor
1700 3886 1752 3938 eta
1764 3890 1837 3938 rete·

212 3990 274 4030 rum
289 3976 360 4032 bona
375 3978 488 4035 laudare
509 3979 635 4037 volumus
648 3987 677 4036 et
690 3981 814 4052 diligere,
833 3982 861 4037 in
874 3982 999 4053 pluribus
1048 3988 1126 4044 ribus
1141 3983 1268 4043 monachi
1282 3981 1411 4056 appellati
1435 3986 1517 4046 suut,
1532 3992 1588 4033 uno
1601 3980 1692 4033 autem
1709 3973 1757 4046 qul
1778 3988 1835 4030 non

211 4067 282 4126 locis
306 4069 364 4141 ipse
390 4071 467 4127 locus
497 4071 675 4129 habitationis
700 4090 794 4129 corum
819 4075 998 4131 ecclesiarum
1047 4078 1077 4136 in
1096 4066 1834 4145 numeroecclesiasticaellegulae,idestmonaeborum

213 4160 324 4216 labricre
348 4169 390 4217 est
415 4165 578 4235 contiguus,
605 4171 634 4221 et
659 4166 809 4222 claustrum
834 4166 996 4237 appellatur.
1048 4170 1221 4229 secularium
1236 4165 1407 4225 solummodo
1421 4169 1533 4222 tectoet
1547 4156 1833 4226 relicto,etdemcdio

211 4249 374 4308 dadirirrrus
389 4252 471 4308 etiam
493 4256 520 4309 in
549 4244 675 4325 pluribus
695 4257 762 4313 locis
785 4256 939 4323 observari,
962 4270 998 4312 ne
1046 4262 1170 4319 eceteslae
1188 4260 1292 4315 utinam
1312 4258 1436 4321 sublato,
1451 4255 1513 4311 aliis
1534 4267 1600 4310 vero
1623 4250 1766 4308 ordinibus
1783 4263 1834 4318 pro

213 4339 280 4414 quid
294 4343 322 4397 in
337 4350 393 4399 toto
417 4345 463 4400 illo
477 4346 569 4418 spatio
583 4348 714 4403 saeculare
729 4355 836 4419 agatur,
852 4362 886 4402 ne
901 4347 998 4418 quida
1047 4368 1130 4426 posse
1150 4348 1349 4407 commendatis
1367 4353 1396 4402 et
1419 4344 1555 4409 laudatis,
1571 4341 1616 4398 bic
1637 4341 1743 4415 primus
1764 4338 1835 4394 liber

212 4450 351 4506 quoquam
363 4436 488 4507 jocosum
502 4439 649 4495 autminus
663 4441 819 4511 religiosum
834 4439 891 4495 liat.
907 4437 998 4494 Femi·
1047 4441 1251 4514 protessionum
1272 4440 1315 4496 rel
1328 4439 1499 4495 diversorum
1522 4432 1650 4493 ordinum
1664 4431 1712 4504 qui
1725 4437 1792 4487 sunt
1804 4428 1833 4485 in

212 4546 266 4590 nas
277 4533 359 4589 etiarn
371 4534 405 4588 ab
416 4534 471 4591 illis
484 4535 552 4593 locis
565 4537 670 4607 arceri,
685 4545 712 4594 et
723 4538 825 4608 gratim
840 4536 905 4601 liert,
922 4535 996 4608 quod
1048 4535 1170 4592 Ecclesia
1184 4534 1266 4590 linem
1280 4530 1407 4604 accipiat.

739 4693 784 4768 {ln
797 4710 846 4750 ms.
865 4692 954 4748 codice
968 4690 1152 4748 desiderentur
1165 4689 1213 4747 alii
1222 4687 1306 4764 libri.)
