4350 6709
280 555 341 617 tott
924 562 1094 621 ttttttttdl.
1112 590 1147 610 -ο
1166 564 1231 621 itti.
1248 562 1296 622 ΙΧ.
1861 569 1914 630 “0

280 675 418 746 quoniam
441 685 555 748 accepto
581 678 685 736 lumina
709 678 766 736 Deo
787 678 953 737 sacrificium
976 681 1112 760 ubtulltd
1427 681 1541 740 corut
1564 682 1611 743 lx.

282 767 462 838 virginitatis,
476 771 537 828 ideo
557 772 643 829 rulssa
664 780 792 828 canatur
806 773 834 828 in
848 773 963 828 exordio
985 773 1072 837 lucis:
1384 790 1487 833 rsnrcrs
1506 792 1532 832 na
1552 792 1648 834 rruots.

279 875 345 932 qua
357 869 450 917 summ
466 863 494 918 in
509 872 624 935 utraque
637 866 723 922 missa
736 874 883 923 cantantur
895 876 924 922 et
935 865 1073 937 teruntur,
1159 865 1259 924 Felicis
1272 866 1300 922 io
1313 863 1407 925 Pincis
1420 886 1435 924 a
1450 868 1514 924 loeo
1527 870 1626 927 titulus
1643 869 1804 927 assumitur.
1819 867 1914 927 Piaois

281 950 431 1010 marrileste
446 955 482 1011 sd
495 955 585 1026 iprum
600 958 737 1029 pertinere
751 960 999 1030 ridentur,etqnia
1011 975 1075 1030 pre-
1123 962 1197 1015 enirn
1210 958 1289 1015 locus
1302 970 1344 1016 est
1354 960 1432 1032 justa
1447 961 1556 1027 urbem,
1566 962 1613 1016 ubi
1627 977 1728 1033 corpus
1743 959 1914 1019 contessoris

280 1045 378 1115 rtrptar
400 1045 453 1101 luit
472 1057 499 1104 et
511 1048 675 1119 episeopus,
691 1049 774 1120 hujus
801 1048 902 1107 lestum
923 1050 1073 1123 presbytcri
1125 1053 1240 1109 feliciter
1255 1053 1418 1120 bonoratur,
1429 1053 1610 1124 eujusauima
1621 1053 1648 1109 in
1662 1054 1731 1110 coelo
1745 1051 1854 1109 felicius
1865 1069 1914 1111 oo-

279 1138 552 1196 marimecelclrrent
568 1150 597 1198 et
611 1143 743 1214 episcopi.
860 1156 863 1164 ·
1124 1157 1248 1201 sonatur.

568 1237 685 1294 cnrttr
723 1237 791 1296 l'lll.
1368 1289 1373 1297 ,
1434 1236 1551 1294 CAPUT
1569 1238 1604 1295 ll.

495 1347 653 1388 sonorosus
673 1348 864 1391 rnnocsarrmr.
1225 1345 1302 1385 annu
1321 1346 1458 1395 sunonis,
1473 1346 1606 1395 arronis,
1622 1346 1657 1385 rr
1675 1346 1808 1388 aruncum.

320 1420 512 1479 innocentium
534 1426 627 1495 passio
646 1441 700 1482 non
715 1428 843 1497 protinus
862 1437 956 1488 secuta
984 1440 1027 1488 est
1042 1431 1072 1489 in
1158 1420 1307 1479 Betiwttm
1332 1431 1485 1494 militium
1502 1422 1591 1484 Milli·
1608 1423 1732 1488 Mttihaer
1752 1421 1870 1479 Audisti!
1885 1430 1913 1480 0²

276 1516 327 1573 die
340 1527 451 1590 quarto,
468 1520 517 1575 sed
531 1535 605 1576 anno
619 1521 754 1579 revoluto.
769 1519 839 1577 Nam
856 1521 883 1578 in
897 1525 985 1593 primo
998 1539 1072 1580 anino
1123 1514 1264 1572 llabacum
1280 1516 1437 1586 passionem
1459 1515 1576 1570 Rotnani
1588 1517 1726 1585 scripsero
1747 1517 1911 1589 presbyteri,

280 1608 405 1666 Herodes
422 1626 517 1683 magos
541 1612 719 1683 exspectavit,
732 1625 760 1670 et
784 1623 930 1671 accusatus
956 1614 1071 1671 Romam
1123 1609 1196 1678 orrod
1211 1624 1274 1664 cnm
1291 1609 1325 1664 ad
1347 1609 1457 1678 jussum
1480 1609 1605 1673 Claudii,
1619 1608 1699 1663 ilarii
1718 1625 1819 1665 manus
1839 1610 1911 1665 inei·

278 1702 342 1758 isit
360 1700 534 1777 Quiredleos
547 1715 574 1761 et
589 1705 684 1762 uidens
698 1707 772 1778 quod
787 1708 886 1763 illusus
897 1719 998 1765 essm
1013 1725 1072 1764 ma.
1122 1701 1265 1766 detentor,
1282 1710 1310 1756 ot
1325 1702 1444 1754 liliorum
1467 1699 1584 1754 Auditur
1601 1711 1628 1754 et
1644 1696 1799 1768 tiniacum,
1807 1699 1913 1757 Martha

276 1795 335 1866 gis,
355 1794 384 1849 in
399 1795 443 1850 die
455 1804 555 1865 quarto
570 1797 683 1851 secundi
702 1797 766 1852 anni
785 1813 886 1868 pueros
901 1797 1070 1855 interiecita
1122 1794 1283 1864 Sanguinem
1306 1793 1396 1848 mariti
1423 1801 1451 1848 0¹
1471 1792 1590 1847 mimum
1619 1793 1779 1862 ⁰0¹¹lileb³ir
1799 1801 1827 1848 θῑ
1850 1793 1913 1850 ῑΰᾶθ

278 1888 389 1943 trimatu
412 1896 439 1943 et
455 1886 526 1942 inira
540 1888 574 1943 ⁸⁸.
587 1888 711 1943 Bimatus
733 1889 844 1957 Graeee,
858 1890 956 1947 Latine
969 1892 1072 1948 dicitnr
1121 1886 1220 1943 taciem
1246 1903 1324 1942 suam
1351 1888 1476 1944 liniebat.
1491 1886 1606 1942 Domum
1630 1898 1707 1957 pater
1731 1897 1759 1943 et
1776 1889 1825 1944 lllii
1847 1897 1914 1943 sunt

276 1996 369 2034 aarum
382 1979 424 2035 rel
435 1980 579 2035 liconiam.
591 1979 694 2036 Timuit
708 1982 781 2036 enim
798 1998 831 2038 ne
845 1999 912 2053 puer
924 1985 968 2040 oui
980 1984 1069 2041 sidera
1121 1981 1261 2048 decollati,
1274 1990 1302 2035 et
1317 1982 1492 2052 postmodum
1518 1981 1656 2047 semiusti,
1671 1993 1697 2036 ct
1712 1981 1819 2038 llartlra
1844 1985 1912 2038 suli·

279 2069 462 2138 famulantur,
480 2087 563 2141 snpra
579 2073 621 2126 uel
646 2071 718 2127 inira
742 2082 849 2129 aetatem
875 2075 927 2131 sili
951 2077 1069 2147 speciem
1086 2040 1210 2130 Bmersa
1228 2082 1311 2144 puteo
1334 2075 1499 2129 obdormirit
1513 2074 1539 2128 in
1553 2073 1679 2129 Domino.
1693 2074 1792 2158 &¹¹⁵⁸
1815 2077 1843 2130 iu
1862 2076 1901 2130 lto
1973 2094 1984 2115 ·

277 2161 501 2221 transformaret.
517 2163 595 2220 Tune
610 2165 750 2236 impletum
766 2176 809 2221 est
822 2167 888 2224 iliud
899 2167 1069 2225 tererniae³¹=
1120 2167 1218 2223 dierno
1232 2166 1303 2222 iesto
1315 2167 1472 2237 antiphona·
1484 2168 1662 2238 colliguntur.

281 2275 292 2307 r
314 2253 373 2310 Vox
391 2255 418 2310 in
434 2253 531 2323 Rama,
543 2257 568 2312 id
583 2267 626 2314 est
639 2259 667 2313 in
691 2259 820 2326 excelsis,
835 2261 929 2315 andita
951 2269 1002 2316 est.
1016 2260 1071 2316 lla·
1424 2257 1540 2312 catur·
1559 2256 1605 2312 tt.

278 2348 344 2404 chel
354 2348 469 2419 plorans
484 2350 553 2406 idios
579 2366 656 2414 suos,
675 2370 684 2403 r
702 2351 833 2408 mulieres
846 2352 973 2409 uidelicet
986 2352 1070 2409 Betlr·
1256 2366 1415 2406 stscronurr
1433 2366 1538 2405 rourum
1556 2366 1591 2405 nr
1612 2366 1778 2406 sesnsrmnr.

277 2440 466 2511 lehemjuxta
478 2458 559 2512 quam
572 2445 727 2513 sepultaest
736 2443 838 2500 Rachel
847 2444 995 2502 “mlioiuit
1003 2462 1070 2502 con·
1156 2442 1301 2499 Beatornm
1327 2453 1480 2514 nrartyrum
1506 2443 1639 2508 Fabiani,
1655 2451 1682 2497 ot
1703 2441 1859 2499 Sebastiam
1872 2440 1912 2498 ie-

277 2534 382 2599 rotari,
400 2553 410 2584 r
429 2534 456 2588 iri
471 2543 514 2590 est
534 2535 771 2591 inconsolabiliter
784 2536 883 2604 doluit,
897 2536 1070 2610 decoquod
1121 2534 1229 2591 stisitas
1262 2534 1315 2591 sul)
1341 2535 1442 2604 duplici
1471 2534 1583 2590 collecta
1610 2543 1855 2600 commemoratur,
1883 2535 1910 2590 in

278 2640 338 2680 noo
350 2635 427 2692 sunt,
441 2625 523 2682 idest
535 2641 598 2682 esse
619 2627 771 2684 desierunt.
787 2627 933 2697 Hodierna>
948 2631 1072 2688 historie
1122 2627 1207 2682 missa
1226 2635 1255 2682 et
1271 2636 1388 2696 utraque
1414 2641 1468 2683 una
1494 2641 1543 2695 per
1565 2624 1712 2694 [lominum
1738 2627 1910 2694 terminatur,

282 2715 319 2771 de
356 2716 472 2786 psalmis
505 2719 681 2775 nocturnales
710 2728 859 2776 sumuntur
894 2721 1069 2791 antipodum
1120 2718 1288 2776 Nocturnale
1311 2719 1449 2783 ollieium,
1466 2719 1540 2790 quood
1565 2719 1701 2775 duntaxat
1728 2720 1760 2776 ad
1783 2729 1910 2776 sanctum

277 2817 379 2866 cetera
390 2807 591 2880 deErangelio,
605 2810 648 2865 vei
663 2809 827 2884 Apocalypsi
839 2811 862 2843 ⁸⁹
873 2810 979 2884 liquido
990 2814 1070 2869 coltss·
1121 2813 1238 2884 pertinet
1253 2811 1458 2879 Sebastianum,
1468 2828 1501 2868 ex
1516 2812 1578 2884 ejus
1593 2811 1649 2867 uita
1663 2824 1690 2868 ot
1703 2812 1832 2883 passione
1843 2826 1911 2868 con·
1935 2845 1939 2853 ‹

278 2910 395 2972 guntur.
410 2900 489 2969 Quod
503 2913 595 2958 autem
612 2904 745 2961 dicuntur
761 2907 1070 2979 centumquadraginta
1121 2914 1177 2961 stat
1197 2904 1292 2976 procul
1311 2904 1395 2959 dubio
1410 2902 1577 2959 derivatum.
1591 2902 1644 2970 Qui
1659 2904 1723 2959 licet
1740 2901 1913 2973 imperatori·

279 3002 402 3064 quatuor
424 2994 525 3061 millia,
546 2994 653 3051 inituro
674 2997 767 3067 ponit;
786 2998 851 3069 quia
876 2997 950 3055 Deus
972 3014 1070 3056 omnes
1121 2999 1174 3056 bus
1189 2998 1287 3056 luisset
1303 3005 1444 3068 acceptus,
1457 3012 1555 3053 eorurn
1577 3009 1669 3053 tamen
1688 2999 1769 3065 jnssu
1792 2995 1843 3051 init
1864 3012 1910 3052 sa·

279 3087 335 3141 suls
352 3094 429 3142 cerlo
449 3103 565 3143 numero
579 3088 797 3158 comprehendit.
819 3088 919 3147 Sedet
938 3106 1071 3148 uumerus
1120 3092 1252 3164 gittatus,
1268 3101 1296 3148 et
1310 3092 1397 3147 donee
1412 3090 1543 3147 deiiceret
1564 3089 1722 3163 instigatus.
1743 3088 1830 3160 Grrjus
1851 3105 1913 3145 our·

278 3180 444 3252 mysterium
458 3179 579 3235 continet
593 3179 736 3237 Trinitatis
749 3182 878 3253 perlectae
889 3198 938 3254 per
951 3194 1071 3254 quatuor
1120 3200 1173 3255 pus
1204 3185 1232 3240 in
1257 3186 1378 3241 eloacam
1405 3184 1482 3254 prius
1505 3183 1637 3252 ejectum,
1665 3193 1729 3254 post
1751 3197 1766 3238 a
1792 3182 1911 3252 quadam

276 3271 376 3328 mundi
387 3271 498 3328 climata
511 3272 664 3344 divulgato.
679 3271 747 3330 Nam
765 3274 901 3332 ternarius
912 3275 1012 3332 ductus
1023 3292 1072 3348 per
1121 3288 1248 3336 matrona
1270 3278 1350 3350 juxta
1373 3275 1560 3348 apostolorum
1585 3275 1637 3332 tuit
1653 3275 1769 3346 vestigia
1786 3275 1910 3330 colloca·

276 3364 485 3436 quaternarium
500 3364 566 3422 iacit
578 3365 734 3424 duodecim.
753 3366 789 3422 Et
805 3383 904 3426 rursus
924 3368 1107 3454 duodecime
1123 3382 1192 3431 tum.

276 3472 329 3529 per
341 3456 548 3528 quaternarium
566 3457 748 3529 quadraginta
760 3467 832 3515 octo.
844 3458 876 3516 Et
889 3461 1069 3533 quadraginta
1365 3460 1368 3469 ’
1415 3463 1531 3520 CAPUT
1554 3461 1613 3518 llll.

269 3559 344 3606 octo
358 3565 408 3621 per
424 3550 643 3620 quaternarium,
658 3559 770 3607 centum
794 3552 977 3624 quadraginta
999 3569 1067 3624 qna·
1384 3573 1493 3614 sonoro
1515 3572 1639 3613 acueris.

277 3652 354 3699 tuor.
375 3639 455 3710 Quod
478 3642 561 3698 etiam
585 3642 702 3700 dicitur:
723 3641 811 3699 «troi
835 3644 888 3703 suli
911 3645 998 3701 attare
1019 3645 1069 3704 liei
1156 3645 1245 3704 Beatae
1267 3647 1380 3719 Agnetis
1400 3648 1556 3718 passionem
1577 3655 1690 3703 sanctus
1712 3643 1824 3714 scripsit
1843 3642 1910 3699 dm·

275 3735 389 3792 animas
411 3733 619 3793 interfectorum
639 3737 674 3804 ⁸⁰,
698 3755 708 3790 r
733 3737 775 3794 sic
795 3747 839 3794 est
861 3738 1069 3810 accipiendum,
1119 3736 1239 3801 brosius,
1260 3738 1354 3795 dicens
1374 3737 1448 3808 quod
1469 3737 1577 3804 ignibus
1601 3735 1651 3791 luit
1675 3735 1785 3805 injecta.
1798 3732 1909 3801 Quibus

278 3829 356 3899 quod
369 3826 490 3884 loannes
514 3830 581 3886 sidit
600 3831 709 3887 animas
726 3831 884 3887 occisorum
896 3832 949 3889 sub
964 3833 1068 3903 altare,
1118 3843 1169 3899 per
1192 3830 1346 3885 orationem
1371 3831 1537 3898 exstinctis,
1564 3831 1648 3886 sitam
1666 3831 1757 3901 gladio
1779 3844 1909 3901 percussa

277 3922 307 3979 id
335 3932 379 3979 est
404 3922 562 3979 humiliatas
583 3923 754 3994 capitisuo,
784 3925 825 3980 sel
858 3927 885 3981 in
916 3927 1068 3995 absconso,
1120 3923 1227 3981 linivit:
1246 3939 1349 3994 exona
1372 3925 1501 3995 passione
1520 3924 1675 3979 cantualem
1699 3931 1808 3979 constat
1823 3921 1926 3977 histo.

276 4012 346 4085 quia
360 4027 442 4069 nemo
463 4014 580 4085 percipit
597 4012 652 4079 laio,
665 4015 805 4084 quomodo
820 4015 860 4071 ibi
875 4017 941 4074 sint.
955 4016 1012 4075 llao
1024 4021 1069 4076 dle
1119 4019 1190 4073 riam
1204 4024 1367 4073 mutuatam.
1384 4015 1472 4084 Quam
1488 4018 1552 4087 quia
1572 4015 1690 4087 praelecti
1707 4016 1781 4073 tilius
1798 4017 1910 4072 arlama·

277 4105 483 4163 sobtralmntur
498 4115 588 4161 uestes
613 4102 728 4174 tostire,
743 4115 774 4162 ut
793 4107 940 4165 dalmatica
959 4119 988 4167 et
1002 4110 1069 4166 sutr-
1118 4110 1169 4176 rit,
1187 4118 1261 4166 recte
1276 4111 1303 4164 in
1318 4109 1379 4178 ejus
1402 4107 1472 4165 testo
1486 4117 1614 4164 cantatur
1627 4108 1758 4164 introitus
1772 4126 1780 4164 ι
1796 4104 1839 4162 tte
1860 4123 1910 4162 er·

275 4198 339 4266 tile,
352 4207 381 4255 et
392 4198 565 4254 subticentur
577 4199 685 4254 carrtica
697 4199 809 4266 laetitiae,
822 4211 853 4255 ut
865 4200 901 4255 Ta
913 4201 997 4257 &aar
1012 4202 1070 4258 lau·
1118 4209 1303 4272 spectaverunt
1330 4208 1480 4270 peccatores
1503 4198 1537 4256 ⁸¹.
1564 4198 1632 4254 tutuo
1664 4207 1755 4254 antem
1787 4197 1910 4254 notalrile

275 4291 386 4354 damas,
398 4290 501 4358 Gloria,
526 4291 644 4346 Alleluia
657 4293 685 4346 io
699 4292 797 4363 missa,
812 4301 840 4348 et
853 4290 895 4348 Ite
918 4294 1001 4349 missa
1017 4303 1067 4360 ert,
1118 4310 1173 4349 uon
1189 4304 1232 4350 est
1257 4291 1432 4348 infructuoso
1450 4291 1560 4348 silentio
1576 4294 1628 4364 tegi
1654 4291 1726 4363 quod
1752 4292 1810 4348 tac
1830 4290 1910 4348 iesu·

274 4397 312 4440 ao
322 4383 397 4454 quod
417 4383 452 4439 ad
465 4381 569 4439 interos
592 4384 803 4441 dest-eoderunt.
827 4382 875 4442 iet
891 4387 956 4457 quia
979 4388 1007 4443 in
1023 4387 1068 4445 liis
1118 4385 1189 4440 uitas
1201 4399 1257 4440 non
1273 4383 1356 4438 habet
1370 4392 1509 4439 octauam.
1520 4381 1598 4437 Unde
1609 4398 1659 4438 nec
1670 4381 1843 4438 scribendum
1855 4390 1908 4449 est,

276 4476 403 4547 merulis
422 4476 614 4548 intelliguntur
625 4478 719 4548 pusilli
733 4477 874 4547 Ecclesiae,
886 4481 934 4551 qul
952 4486 1068 4537 mortem
1118 4487 1215 4535 octauo
1229 4475 1352 4549 Agnetis,
1368 4475 1415 4532 scd
1442 4475 1565 4531 soorrndo
1579 4475 1703 4547 Agnetis,
1718 4484 1748 4529 ut
1761 4489 1813 4528 non
1830 4473 1910 4530 intel·

275 4583 327 4642 pr
342 4569 487 4625 uaereucos
510 4571 671 4640 patiuntur:
687 4581 729 4628 est
741 4572 814 4627 enim
827 4570 969 4641 -llerodes,
984 4574 1070 4630 lraere-
1118 4572 1217 4643 ligatur
1235 4579 1342 4637 octaua,
1371 4568 1418 4626 sed
1444 4568 1605 4625 solemnitas
1633 4569 1771 4640 repetita,
1795 4581 1909 4641 propter

275 4661 350 4718 ocur
364 4661 533 4733 versipellis,
551 4663 594 4718 uel
619 4673 731 4735 propter
749 4674 903 4721 maternam
925 4666 1066 4723 tristitiam
1119 4662 1301 4728 titiunculum,
1318 4660 1391 4732 quod
1408 4677 1439 4716 ea
1457 4662 1502 4717 die
1521 4660 1652 4731 contigit,
1668 4659 1734 4714 dum
1751 4659 1908 4729 parentibus

275 4757 528 4828 mumadam
542 4775 549 4814 z
565 4767 593 4813 et
608 4758 667 4814 iraec
680 4759 791 4828 quidem
808 4760 978 4816 obseruanda
992 4771 1067 4827 sunt,
1083 4747 1106 4802 ὓ
1120 4758 1247 4829 apparuit
1260 4757 1375 4813 dicens:
1394 4775 1403 4804 r
1418 4755 1508 4812 Nrtlite
1523 4756 1617 4825 lugere
1629 4770 1673 4810 me
1688 4765 1843 4819 irnortuam,
1860 4754 1908 4810 sed

275 4851 332 4909 nisi
349 4849 450 4907 iatum
465 4850 606 4907 micuerit
626 4851 655 4907 in
676 4852 817 4908 llorninioa
829 4853 883 4909 die.
898 4853 975 4910 Tunc
993 4856 1067 4909 enirn
1119 4849 1348 4920 congratulamini
1385 4848 1475 4915 milri,
1499 4849 1564 4918 quia
1588 4863 1651 4902 omn
1680 4847 1724 4902 iris
1753 4844 1909 4919 virginibus

276 4941 388 5000 nullam
405 4941 543 4998 cauticum
565 4944 796 5013 pretermittitur,
809 4954 920 5014 propter
936 4944 1066 5016 gaudium
1119 4947 1198 5003 sedes
1210 4946 1303 5016 accepi
1313 4962 1336 5013 μ
1354 4953 1383 5012 et
1394 4943 1549 5000 celebratur
1563 4941 1695 5010 odicium,
1709 4942 1782 4998 sicut
1792 4943 1819 4997 in
1833 4942 1910 5013 prin·

274 5034 380 5092 lutura
390 5034 610 5105 glorificationis.
620 5035 742 5092 Dicimus
752 5046 855 5104 tanuen,
868 5036 963 5092 Gloria
976 5036 1067 5103 Patri,
1120 5037 1202 5110 cipuli
1219 5035 1301 5092 testo.

273 5139 304 5185 et
324 5129 352 5184 itt
367 5125 720 5198 uooutrnoirequentamns
737 5129 819 5184 etiarn
833 5129 973 5193 Alleluia:
990 5131 1066 5200 qnia,
1411 5126 1528 5185 cardi
1547 5128 1617 5185 illd.

273 5220 343 5276 licet
356 5219 391 5278 ad
405 5218 513 5275 interna
528 5220 741 5284 descenderint,
756 5229 846 5275 tannen
862 5236 910 5290 por
924 5235 1066 5276 resurrec·
1172 5240 1206 5281 nr
1225 5240 1318 5281 rasrts
1337 5240 1352 5278 s
1371 5239 1570 5280 serrurcssmr
1590 5238 1673 5288 osona
1692 5238 1726 5278 so
1745 5236 1855 5277 numos.

273 5313 381 5370 tionem
395 5311 498 5368 Christi
512 5313 662 5384 assumptis
675 5313 702 5367 in
716 5313 816 5384 gaudio
828 5328 883 5369 non
895 5313 1065 5382 haesitamus,
1156 5316 1194 5372 lle
1210 5317 1286 5375 iestis
1306 5335 1322 5374 a
1338 5317 1545 5389 Septuapesima
1560 5332 1649 5387 usqne
1663 5315 1696 5370 ad
1720 5310 1910 5369 Resurrectio·

275 5405 352 5461 unde
370 5405 482 5474 quidam
506 5421 556 5475 pro
569 5406 679 5461 alleluia
700 5405 826 5461 inmissa
846 5415 977 5473 cantant,
993 5405 1066 5463 Laus
1120 5409 1163 5464 nis
1177 5411 1248 5465 rilem
1271 5412 1329 5467 luec
1345 5410 1568 5476 est,'sccundum
1588 5408 1734 5479 qrrosdom,
1752 5403 1845 5475 regula
1857 5403 1909 5458 olr-

273 5500 338 5555 atti.
358 5499 413 5554 ttlli
427 5506 572 5555 mammos
585 5499 647 5555 Eia.
660 5498 727 5567 Quo
740 5509 888 5555 cantantur
897 5509 925 5557 et
938 5501 1066 5572 leguntur
1119 5502 1265 5568 servanda,
1278 5501 1351 5572 qnod
1372 5502 1400 5557 ln
1418 5500 1487 5557 iesto
1502 5498 1715 5564 Porideationis,
1727 5506 1754 5551 ct
1765 5494 1910 5551 Catlredrae

273 5592 305 5650 in
321 5592 407 5649 missa
419 5609 503 5664 quam
519 5594 662 5651 manifeste
673 5596 705 5651 ad
719 5596 880 5653 innoeentes
894 5597 1065 5669 pertineant,
1119 5594 1211 5650 Sancti
1227 5593 1312 5658 Petri,
1328 5605 1355 5650 et
1370 5594 1465 5651 Sancti
1481 5592 1614 5659 llattldae,
1631 5599 1659 5646 ot
1671 5590 1908 5655 Annuntiationis,

272 5684 447 5762 expositione
457 5703 513 5745 non
525 5686 656 5759 indigent
669 5687 780 5746 Festum
792 5687 970 5746 Innocentum
986 5690 1066 5762 pueri
1118 5698 1146 5745 et
1160 5687 1358 5756 Dolicationis,
1373 5697 1399 5743 et
1413 5685 1523 5757 patroni
1539 5684 1678 5754 specialis,
1690 5693 1719 5741 et
1734 5683 1763 5741 io
1775 5683 1910 5740 annotino

272 5778 416 5835 celebrent
442 5779 622 5848 innocentes,
651 5779 803 5838 dummodo
816 5781 982 5839 indebitum
1009 5797 1065 5837 non
1117 5780 1235 5847 Pasclra,
1250 5780 1342 5838 laudis
1363 5780 1482 5846 cantica,
1498 5788 1529 5835 ut
1544 5777 1580 5835 Te
1597 5778 1694 5845 mum,
1708 5776 1802 5835 Gloria
1818 5777 1846 5832 ira
1861 5791 1910 5834 as·

273 5879 411 5942 usrrrpent
424 5869 556 5928 odiu-ium.
1118 5874 1194 5932 celsis
1206 5882 1233 5930 et
1247 5871 1287 5929 lte
1300 5874 1382 5929 mirra
1395 5881 1433 5927 ert
1450 5887 1505 5928 ooo
1518 5872 1738 5944 supprimantur,
1751 5870 1799 5928 sed
1814 5867 1908 5927 clunia

311 6029 491 6090 ''ssattm
530 6032 551 6068 ⁸⁷
566 6031 631 6105 Cap.
645 6031 689 6092 51.
714 6032 830 6109 J'Gcn.
844 6034 889 6092 tt.
929 6033 1095 6104 ”cipit
1135 6033 1299 6106 ‘’Atroci.
1339 6031 1526 6092 “tarino
