4350 6709
283 470 360 540 8⁰9,
772 479 816 535 bt:
834 480 994 538 bttsnsts
1010 482 1196 543 ortantibus
1210 485 1398 546 molesia.
1838 489 1891 550 tlt

281 586 407 643 nicomm
427 595 619 659 conqueratur,
643 592 715 662 quod
742 595 789 666 qui
816 596 895 655 initio
920 600 1063 671 primitiva
1077 607 1100 664 Α
1113 603 1185 657 intra
1199 617 1292 660 muros
1311 604 1457 662 convenire
1478 615 1596 679 cogeret.
1613 607 1690 666 llnde
1703 615 1810 667 condat
1834 613 1893 682 pri.

281 675 411 734 Ecclesia
439 682 518 750 primi
535 681 569 736 ad
593 699 662 754 opus
681 684 728 740 bei
750 697 777 742 et
796 689 981 745 testimoninm
997 690 1062 748 lesu
1112 708 1184 750 mam
1197 695 1269 750 illam
1284 704 1408 762 mntem,
1425 698 1488 755 licet
1513 715 1598 772 parvo
1623 708 1761 773 tempore,
1778 704 1893 761 multum

281 786 343 828 esse
357 782 532 837 meruerunt,
549 774 628 844 primi
642 786 704 833 ante
719 782 886 848 monachos,
901 784 948 855 qui
969 793 1062 856 postea
1080 788 1082 794 '
1112 785 1494 863 innocentervisisse,quibus
1504 808 1555 848 nec
1563 791 1784 851 ebiomatarum
1798 795 1894 854 domo·

280 875 343 917 esse
361 870 522 931 eoeperunt,
539 865 619 934 positi
642 882 697 922 non
721 868 787 924 sint.
807 869 869 926 ldeo
890 887 955 945 ergo
972 874 1009 928 ita
1028 873 1063 930 de
1112 898 1173 937 rum
1188 885 1277 943 adbuc
1301 903 1368 944 cura
1387 896 1458 954 erat,
1482 901 1533 943 neo
1560 887 1613 943 cibi
1636 897 1770 959 potusque
1791 899 1894 960 quanta

280 951 424 1009 ordinibus
446 961 473 1008 et
493 954 708 1025 professionibus
727 968 844 1017 tractare
866 963 1007 1036 disposui,
1032 974 1062 1022 ut
1112 990 1185 1031 nunc
1199 985 1242 1034 est
1255 979 1413 1051 diligentia,
1433 995 1484 1036 nee
1498 979 1753 1046 vestiumvanitas,
1769 995 1819 1036 neo
1832 979 1893 1035 sari

280 1044 410 1107 eremitae,
421 1045 467 1114 qui
478 1047 620 1115 pauciores
634 1057 708 1116 sunt,
721 1058 748 1106 et
759 1052 905 1123 aliquando
918 1056 969 1112 soli
985 1056 1064 1113 babi-
1112 1068 1270 1138 argentique
1286 1076 1361 1124 tanta
1389 1069 1548 1141 acquirendi
1573 1069 1696 1126 solertia.
1719 1067 1893 1125 Graminibus

281 1139 362 1198 tant,
390 1134 471 1204 primi
494 1148 681 1208 ponerentur,
709 1141 781 1197 sicut
804 1159 866 1198 cum
887 1161 1062 1203 numeramus
1111 1158 1184 1213 enim
1210 1162 1238 1213 et
1262 1173 1332 1230 aqua
1350 1161 1467 1233 simplici
1490 1168 1518 1218 et
1532 1161 1662 1217 arborum
1677 1160 1832 1226 fructibus,
1851 1160 1892 1217 un

282 1224 370 1282 facere
382 1227 519 1292 solemus,
534 1235 564 1283 ut
580 1231 615 1284 ab
635 1247 690 1288 uno
705 1231 739 1287 ad
754 1234 846 1304 plures
856 1251 987 1295 numerum
1000 1255 1063 1296 sur·
1112 1246 1324 1316 benedixerat,
1340 1253 1497 1309 utebantur.
1513 1251 1590 1308 Unde
1601 1252 1712 1324 quidam
1727 1251 1892 1309 facundissi-

280 1324 344 1388 gat,
358 1325 386 1372 et
404 1319 582 1390 multiplicato
601 1337 732 1390 numero,
747 1334 919 1397 computator
929 1329 964 1385 ad
978 1347 1062 1388 unvrm
1112 1355 1173 1397 rous
1191 1349 1285 1399 noster
1301 1343 1480 1414 philosophus
1500 1344 1607 1401 laudem
1632 1345 1783 1416 primamne
1801 1345 1891 1403 nemi.

280 1409 385 1465 redeat.
397 1408 477 1467 Verbi
486 1412 573 1484 gratia
589 1415 695 1470 eumad
710 1425 818 1472 centum
833 1421 947 1487 venerit,
959 1423 983 1478 si
997 1423 1062 1494 qnid
1112 1451 1176 1492 num
1193 1436 1313 1493 esi-mine
1321 1436 1437 1495 mirilico
1450 1437 1598 1494 decantans
1612 1438 1672 1494 alte

282 1510 408 1558 numeret
420 1502 509 1559 adbuc
524 1504 668 1570 invenerit,
680 1521 791 1564 rursum
805 1510 839 1566 ab
850 1527 906 1569 ano
918 1529 1063 1573 numerare

282 1592 432 1664 incipit.lta
445 1602 472 1649 et
485 1595 683 1663 bio-faciemus,
692 1599 811 1670 primum
823 1604 951 1661 eremitas
961 1621 1060 1676 ponem

281 1693 333 1750 tes,
356 1685 403 1757 qni
428 1687 571 1756 pauciores
596 1694 680 1754 sunt,
706 1698 734 1746 et
750 1693 800 1748 soli
828 1709 900 1766 saepe
920 1696 1061 1766 habitant:

280 1775 380 1830 deinde
393 1776 542 1833 monachos
550 1793 666 1848 quonum
681 1782 857 1853 multiplicior
863 1791 905 1841 est
919 1775 1061 1857 nomenis,

281 1867 377 1937 sicque
388 1867 422 1922 ad
433 1869 580 1925 canonicos
594 1870 750 1937 cenninus,
769 1889 885 1944 quorum
901 1881 1018 1933 maxima
1032 1881 1061 1936 in

279 1957 397 2014 dirersis
409 1958 511 2014 lociset
524 1958 650 2029 frequens
660 1961 790 2018 habitatio
798 1961 904 2021 diverse
914 1965 1060 2024 viventium
1077 1947 1097 2002 Β

279 2064 343 2106 esse
360 2050 563 2121 comprobatur.
585 2050 687 2108 Deinde
710 2069 819 2111 rursum
842 2056 1003 2129 incipientes
1026 2062 1062 2119 ab

280 2142 411 2206 inclusis,
431 2152 458 2199 et
471 2143 506 2197 ab
530 2143 572 2199 bis
586 2145 633 2214 qui
647 2146 942 2216 continentcrvivunt,
961 2159 988 2208 et
1011 2168 1062 2210 nec

280 2234 425 2298 canonici,
442 2249 491 2290 nec
504 2234 651 2300 monachi,
674 2252 724 2292 nec
735 2239 868 2303 eremitae,
882 2256 934 2298 nec
950 2243 1061 2309 inclusi,

280 2326 329 2382 sed
343 2326 464 2391 deicolae,
480 2328 521 2381 vel
545 2327 642 2395 licoisi,
666 2328 694 2383 id
706 2337 749 2386 est
760 2333 840 2402 quasi
853 2334 920 2405 legis
932 2336 1061 2394 custodes

279 2429 396 2489 possunt
408 2418 479 2483 diei,
497 2418 594 2474 ibidem
609 2429 776 2477 revertemur
790 2423 825 2478 ad
844 2425 988 2489 mulieres,
1001 2443 1061 2499 quae

278 2509 448 2566 eremiticam
465 2511 553 2565 vitam
567 2511 689 2578 ducunt,
703 2514 881 2572 ascendentes
904 2517 939 2573 ad
958 2521 1061 2576 sancti·

278 2601 439 2656 monialium
456 2602 647 2669 sarretitatem,
670 2618 776 2661 necnon
798 2605 833 2662 ad
848 2606 909 2664 illas
924 2623 986 2678 quae
998 2624 1061 2667 cum

279 2694 385 2749 sanctis
406 2693 447 2748 vel
463 2694 515 2750 sub
538 2695 644 2751 sanetis
663 2696 838 2769 virisiugum
855 2698 958 2756 Christi
978 2717 1062 2760 suavo

279 2787 445 2857 suscipiunt.
461 2785 502 2842 Ad
524 2788 650 2842 ultimum
671 2803 736 2844 vero
755 2805 824 2860 pene
846 2790 880 2846 ad
896 2792 1016 2849 inclusas
1034 2802 1062 2850 et

279 2877 409 2932 mulieres
415 2876 544 2941 deicolas,
554 2893 622 2949 quas
634 2878 754 2946 licoisas,
762 2879 791 2935 id
800 2889 842 2937 est
852 2882 916 2953 lepis
930 2885 1060 2954 custodes,

1252 1548 1329 1604 Felix
1343 1550 1453 1606 nimiam
1463 1551 1536 1620 prior
1550 1559 1625 1606 utos.

1252 1620 1382 1675 Contenta
1396 1622 1516 1691 fidelibus
1531 1623 1611 1684 areis,

1254 1689 1310 1747 Nec
1323 1694 1400 1746 inerti
1412 1693 1599 1762 perdita'laau,
1641 1693 1648 1707 ¹

1253 1759 1340 1816 Facili
1354 1779 1412 1831 qam
1425 1780 1483 1817 sera
1494 1763 1595 1818 solebat

1251 1829 1359 1897 ieiunia
1372 1832 1469 1887 soluere
1479 1832 1582 1902 plaude,

1253 1901 1309 1955 Nec
1322 1902 1449 1956 bacciles
1463 1920 1571 1957 manresa
1586 1912 1663 1957 norat

1254 1970 1365 2042 Liquido
1376 1973 1532 2042 conscindere
1545 1974 1629 2035 mette,

1254 2041 1311 2098 Nec
1328 2042 1416 2098 larido
1430 2044 1523 2099 uellera
1539 2043 1633 2099 Seram

1255 2111 1335 2184 Tyrio
1351 2115 1457 2168 miscere
1471 2130 1574 2169 veneno.

1254 2181 1365 2237 Somnos
1375 2184 1457 2237 dabat
1469 2184 1550 2238 deria
1562 2184 1691 2239 aalairea.

1255 2252 1351 2309 Polam
1365 2270 1464 2325 quoqne
1475 2255 1591 2310 fabricas
1602 2257 1687 2309 antelis

1254 2323 1366 2379 dmum
1381 2325 1512 2380 altissima
1524 2325 1611 2393 pinus.

1255 2392 1381 2449 Nondum
1396 2396 1477 2449 maria
1487 2394 1544 2449 alta
1558 2394 1671 2461 secabat,

1254 2463 1310 2519 ft'ec
1324 2464 1451 2519 aternius
1464 2464 1578 2536 undique
1589 2466 1671 2532 lectis,

1253 2533 1330 2591 flora
1345 2536 1437 2589 littora
1452 2535 1552 2593 uiderat
1566 2536 1667 2606 boapea.

1113 2647 1153 2703 Ad
1167 2648 1293 2705 ultimum
1304 2662 1368 2704 vero
1382 2647 1511 2703 carminis
1523 2648 1605 2718 hujus
1621 2648 1691 2705 idem
1707 2646 1853 2707 substans

1252 2761 1309 2818 flea
1318 2763 1328 2816 l
1342 2753 1443 2832 primns
1457 2759 1514 2832 quis
1528 2761 1580 2830 {ait
1592 2761 1646 2828 ilie,

1253 2833 1319 2886 Auri
1329 2833 1374 2903 qai
1383 2830 1498 2901 pondera
1513 2833 1584 2896 tecti,

1250 2903 1420 2974 Geminasque
1431 2904 1511 2956 latere
1525 2904 1637 2957 soboles

278 2970 322 3024 sel
341 2969 460 3025 nicoisas
481 2970 562 3040 vulgo
581 2985 726 3036 vocatam,
741 2975 819 3043 quasi
841 2982 965 3030 sanctum
980 2975 1061 3032 Nico·

278 3054 354 3110 laum
375 3057 528 3122 imitantes,
543 3058 667 3114 ordinem
684 3061 885 3130 professionum
901 3067 1060 3122 terminabi-

277 3163 352 3211 mus,
362 3156 391 3203 ut
402 3159 494 3220 postea
505 3151 539 3206 de
550 3151 643 3207 habitu
655 3155 812 3223 etepaliset
826 3157 917 3214 labore
930 3174 1060 3215 mannum
1146 3157 1172 3214 2.
1183 3155 1212 3213 Si
1227 3155 1474 3229 igiturconceditur
1487 3154 1555 3211 mibi
1569 3155 1677 3228 priores
1687 3155 1809 3215 homines
1819 3157 1894 3217 solos

277 3241 394 3296 liberius
409 3250 616 3313 pertractemus.
635 3243 734 3302 Postea
748 3254 839 3303 annm
855 3249 1017 3322 subjungam
1027 3253 1061 3309 de
1112 3249 1212 3320 sapius
1224 3247 1441 3319 babitasss,quia
1453 3261 1504 3302 nec
1517 3246 1546 3301 in
1556 3244 1653 3303 Genesi
1665 3255 1729 3303 ante
1741 3246 1806 3304 Cain
1817 3247 1893 3320 quis·

278 3333 396 3389 diversis
422 3335 599 3390 eeclesiarum
628 3339 889 3409 consuetudinibus,
917 3342 1061 3401 ostendere
1110 3356 1193 3413 quam
1205 3340 1394 3397 relcivitatenr
1408 3338 1449 3395 vcl
1463 3337 1573 3394 domurn
1588 3337 1891 3409 tegiturconstruxisse,

278 3426 392 3495 cupiens
407 3427 434 3480 in
450 3425 570 3483 Ecclesia
584 3426 630 3484 dei
644 3428 713 3483 nibil
732 3430 775 3501 agi
796 3446 830 3487 cx
852 3434 1059 3504 consuetudine,
1111 3436 1138 3487 et
1150 3429 1287 3501 tosepnus
1307 3428 1434 3486 similiter
1451 3426 1487 3483 ob
1509 3426 1633 3500 rapinam
1656 3425 1803 3485 fratricidae
1818 3428 1892 3487 illius

277 3515 352 3586 quod
367 3516 418 3586 ipsi
442 3517 577 3573 conditori
595 3527 623 3575 et
645 3520 727 3590 capiti
739 3521 861 3578 ecclesiae
874 3539 930 3581 non
942 3525 1058 3597 placeat.
1111 3524 1169 3579 bato
1179 3523 1323 3579 adinventa
1340 3527 1468 3585 tesmtur,
1480 3527 1509 3576 et
1521 3518 1677 3592 pbilosopbi
1694 3519 1769 3578 illius
1781 3534 1893 3577 carmen

277 3605 747 3678 giturbominumbeumuostvum,
760 3612 928 3672 conditorem
938 3617 1060 3674 omnium
1110 3615 1173 3673 illos
1196 3613 1341 3670 inumbra
1366 3612 1495 3668 arborum
1519 3625 1643 3667 morasse
1666 3611 1810 3678 decantat,
1833 3611 1893 3669 sine

278 3713 408 3769 rogamus
420 3706 447 3754 et
459 3701 586 3770 petimus,
603 3711 631 3758 et
644 3709 671 3759 te
681 3711 712 3758 ut
729 3719 808 3775 roges
821 3721 976 3776 precamur,
991 3725 1058 3782 qua·
1110 3711 1188 3774 luxu,
1201 3708 1262 3766 sine
1277 3705 1425 3777 cupiditate
1434 3705 1481 3761 illa
1495 3711 1523 3760 et
1536 3702 1680 3775 jactantia,
1695 3719 1755 3778 quae
1766 3704 1847 3761 modo
1863 3703 1893 3761 ln

277 3796 359 3846 tenus
374 3807 425 3846 nos
445 3790 479 3847 de
502 3793 674 3849 institutione
696 3809 836 3852 servorum
850 3796 898 3853 bei
920 3799 1059 3859 locuturos
1109 3801 1191 3859 nobis
1206 3807 1258 3864 est,
1269 3800 1418 3870 triremes,
1432 3805 1460 3856 et
1476 3797 1601 3870 gramina
1621 3797 1656 3854 ed
1674 3811 1754 3855 usum
1769 3797 1841 3862 vilaer
1861 3804 1892 3852 1¹¹

278 3879 400 3951 adjuvet,
414 3891 444 3937 ut
458 3897 552 3938 eorum
567 3887 651 3938 vitam
673 3884 824 3950 imitando,
841 3887 875 3942 ad
900 3897 1059 3945 sanctorum
1110 3892 1295 3950 animantibus
1315 3891 1352 3948 ita
1371 3898 1400 3948 et
1419 3889 1603 3946 bominibusa
1621 3887 1677 3947 lieo
1696 3897 1762 3947 suut
1779 3888 1890 3953 tradita,

277 3972 437 4028 societatem
457 3974 610 4046 pertingere
623 3976 786 4048 quandoque
801 3979 949 4036 valeamus.
965 3978 1059 4038 Valeat
1109 3993 1217 4044 conant
1229 3983 1339 4042 eosdoa
1361 3984 1466 4056 priores
1485 3981 1611 4039 homines
1626 3981 1745 4055 aliquam
1764 3982 1892 4040 eremita·

278 4065 307 4120 in
319 4065 428 4122 Christo
445 4068 555 4125 ditectio
568 4077 625 4135 tua,
640 4069 725 4127 frater
735 4071 909 4130 charissime.
1108 4094 1169 4136 rum
1191 4075 1399 4135 similitudinem
1417 4073 1564 4140 babuisse,
1578 4073 1658 4144 quasi
1679 4074 1798 4149 aliquem
1821 4072 1893 4130 forle

277 4163 476 4222 [discremina
493 4168 538 4239 qui
551 4183 619 4238 sape
631 4169 682 4224 toli
698 4170 737 4225 nel
747 4186 806 4225 man
819 4173 911 4241 panda
925 4172 1057 4233 babitaret.
1108 4176 1215 4229 cerium
1229 4169 1319 4225 locum
1332 4165 1479 4230 tenebant,
1494 4163 1537 4221 vel
1555 4172 1585 4219 ut
1604 4163 1728 4221 homines
1743 4163 1891 4236 aliquando

312 4259 340 4314 f.
356 4258 394 4315 lle
409 4259 524 4315 diversis
543 4261 685 4320 ordinibus
700 4263 743 4320 vol
762 4262 978 4334 professionibus
997 4283 1057 4324 ser·
1109 4277 1140 4321 so
1156 4259 1324 4326 invisebant,
1336 4265 1428 4314 tamen
1440 4255 1474 4313 de
1486 4255 1609 4315 aedifleiis
1622 4257 1665 4314 vel
1680 4257 1813 4324 vestibus,
1828 4256 1892 4314 cibo

275 4366 385 4407 mortem
401 4351 530 4419 babituri,
548 4369 610 4424 quae
622 4370 638 4410 a
652 4355 786 4428 religiosis
795 4357 863 4414 viris
877 4360 970 4415 seculi
980 4375 1059 4432 pom-
1108 4353 1152 4410 vel
1174 4359 1250 4425 pota,
1268 4351 1312 4409 vel
1334 4349 1451 4422 pecuma
1473 4365 1530 4406 non
1560 4363 1724 4423 magnopere
1745 4349 1889 4406 curabant.

276 4457 340 4513 pam
356 4443 523 4515 fugientibus
539 4446 567 4500 in
581 4445 704 4503 Ecclesia
714 4446 770 4504 lieo
782 4453 1056 4522 emendavissemus,
1109 4444 1210 4501 Locum
1219 4451 1392 4500 verocertum
1402 4456 1627 4512 eosnequaquam
1638 4441 1800 4498 tenuisseeo
1810 4441 1892 4498 modo

277 4534 400 4607 primum
417 4544 522 4606 oportet
545 4538 706 4605 ostendere,
726 4540 798 4610 quod
813 4541 877 4597 olim
892 4544 980 4614 prima
992 4551 1058 4600 aetas
1109 4536 1238 4607 conjicio,
1249 4535 1379 4606 quianon
1389 4542 1453 4591 ante
1466 4532 1534 4591 Cain
1548 4533 1645 4590 domus
1655 4533 1698 4590 vel
1711 4532 1810 4589 civitas
1825 4532 1892 4590 edi·

276 4623 325 4679 ltei
343 4624 483 4681 sewinum
503 4634 530 4680 eu
555 4628 658 4682 cultum
684 4628 772 4684 tibens
797 4629 990 4702 temnentem.
1018 4632 1057 4689 tln
1072 4631 1095 4689 lt
1109 4628 1188 4684 ficata
1205 4626 1267 4682 loir.
1282 4624 1316 4680 dt
1335 4624 1437 4696 loseph
1451 4625 1577 4682 eumdem
1585 4633 1673 4680 metas
1686 4624 1804 4687 seniset
1817 4623 1892 4679 tini·

275 4717 349 4784 epim
374 4717 441 4774 Alrel
469 4719 633 4775 sacrificium
661 4723 828 4792 acceptabile
847 4723 962 4790 obtulit,
992 4725 1057 4782 Seth
1109 4726 1151 4773 10⁸
1160 4715 1277 4787 l)fimum
1287 4711 1452 4785 imil0⁸ui⁵⁸0
1467 4711 1576 4769 ⁸⁸⁸⁸?st
1588 4709 1736 4768 ⁰⁰m⁰f¹¹¹¹¹
1747 4724 1813 4783 0¹8⁰
1825 4707 1892 4765 θῶ*

275 4820 376 4863 nomen
386 4807 434 4864 liei
446 4823 509 4864 cum
520 4825 570 4865 sua
582 4812 712 4881 progenie
725 4813 936 4879 invocavit,lioe
948 4832 1058 4890 quoque
1109 4809 1275 4867 desudarum
1291 4821 1357 4863 cura
1372 4805 1495 4863 eremitis
1510 4818 1617 4863 summa
1631 4818 1687 4860 non
1701 4801 1839 4868 convenit,
1855 4815 1890 4857 ne

274 4896 305 4954 in
321 4914 370 4955 sua
384 4901 558 4970 generatione
580 4901 670 4971 iustus
684 4903 822 4973 inventus,
836 4908 911 4964 etad
926 4908 1056 4965 obedien·
1107 4902 1216 4958 dicatur
1234 4900 1269 4956 de
1288 4900 1340 4964 eis,
1354 4898 1418 4970 tibh
1434 4912 1556 4955 eremum
1571 4911 1626 4953 1¹⁰¹¹
1641 4895 1776 4961 inilillfflf»
1798 4895 1846 4954 tid
1861 4895 1890 4951 in

273 4988 406 5048 dambeo
420 5001 572 5063 promptus,
588 4994 648 5065 ipso
659 4993 783 5064 jubente,
797 5013 889 5054 aream
903 4999 1055 5057 fabricavit.
1106 5008 1198 5050 eremo
1217 4993 1314 5049 domos
1332 4990 1474 5048 civitatum
1496 4989 1624 5046 invehere
1646 4989 1782 5061 gestiunt,
1805 4988 1890 5047 vestis

275 5079 353 5139 llnde
363 5082 426 5153 quia
441 5083 474 5138 ad
489 5085 618 5140 eremitas
636 5087 800 5158 principium
813 5088 904 5148 facere
918 5089 1057 5162 disposui·
1105 5087 1179 5152 vilis,
1201 5085 1279 5142 cibus
1302 5082 1435 5156 grossior,
1451 5081 1624 5153 permodicus
1639 5082 1740 5139 talibus
1753 5081 1889 5152 congruit.

273 5187 346 5238 mus,
365 5173 519 5229 intueamur
540 5175 564 5231 si
581 5174 651 5231 forte
664 5175 691 5230 in
715 5178 811 5247 primis
834 5178 989 5235 bominibus
1006 5179 1057 5235 ali·
1107 5160 1274 5236 Exercitatio
1283 5176 1445 5248 corporalis,
1453 5173 1558 5247 ieiunia
1569 5183 1597 5233 et
1606 5174 1697 5247 vigilia
1713 5174 1775 5232 illos
1787 5173 1891 5245 glorio·

273 5282 356 5336 qasm
372 5266 469 5320 borum
484 5283 625 5325 servorum
641 5268 688 5324 liei
709 5269 914 5326 similitudinem
934 5271 1057 5329 invenire
1106 5286 1153 5327 sos
1176 5270 1302 5328 reddunt.
1325 5269 1451 5326 Eremitn
1470 5282 1536 5339 ergo
1557 5280 1657 5323 nomen
1679 5266 1818 5323 incassum
1834 5278 1890 5320 non

273 5359 453 5429 potuerimus.
466 5357 533 5414 Nam
554 5361 616 5416 illos
641 5361 748 5431 priores
763 5361 887 5418 nomines
909 5362 1056 5432 aliquando
1106 5361 1281 5424 teneant,sed
1296 5355 1674 5432 opereeaornent.ilabemus
1688 5369 1753 5426 ergo
1767 5354 1796 5411 in
1806 5352 1890 5426 priori

274 5452 350 5506 solos
367 5450 506 5507 habitasse
524 5466 557 5508 oo
569 5452 673 5523 judicio
684 5453 873 5523 perdocemur,
889 5453 961 5525 quod
976 5452 1055 5521 Cain,
1106 5459 1186 5507 atate
1206 5450 1383 5506 eremitarum
1413 5446 1619 5506 similitudinem
1640 5458 1814 5517 expressam,
1842 5442 1889 5503 ubi

272 5544 365 5599 occiso
388 5543 472 5599 fratre
497 5559 547 5600 suo
569 5545 650 5614 ribei,
668 5546 773 5617 primus
798 5547 897 5617 legitur
917 5548 1055 5605 civitatem
1108 5546 1261 5602 invenimus
1281 5543 1465 5615 Abeliustum
1480 5542 1509 5598 in
1521 5541 1650 5598 arbonam
1665 5537 1763 5593 umbra
1779 5549 1889 5592 moran-

272 5635 438 5703 aadifrcasse,
460 5644 488 5691 et
507 5652 541 5692 ex
562 5638 672 5695 nomine
694 5637 741 5692 filii
765 5637 808 5695 sui
833 5637 906 5694 Enos
933 5640 1055 5698 eamdem
1107 5647 1172 5702 tem,
1186 5643 1214 5693 et
1229 5637 1339 5708 pascuis
1352 5636 1443 5692 ovium
1457 5634 1609 5697 intentum,
1623 5629 1683 5689 sine
1695 5627 1779 5687 dubio
1792 5628 1889 5685 solitu·

273 5722 436 5792 appellasse.
457 5723 585 5780 Testatur
598 5727 680 5782 etiam
693 5726 829 5799 loseplrus
845 5729 897 5786 boc
911 5729 973 5785 ideo
992 5746 1055 5786 eum
1106 5729 1197 5786 dinem
1205 5727 1346 5799 quesisse,
1360 5725 1408 5782 ubi
1423 5733 1450 5782 et
1464 5723 1649 5797 sinetumultu
1665 5720 1773 5785 vixerit,
1788 5728 1891 5783 etoves

224 5852 232 5861 .
273 5812 386 5881 iecisse,
415 5815 488 5886 quod
512 5816 653 5873 latrocinia
679 5829 836 5887 exerceret,
857 5822 940 5878 etad
960 5822 1055 5878 eadem
1107 5814 1888 5887 suaeinnoceutiaeindicesnuniret,acdcindedeeisdsrn

272 5919 366 5961 εειιιιιι
391 5907 541 5962 exercenda
570 5909 717 5968 familiares
742 5928 808 5970 suos
835 5913 1053 5985 domesticosque
1107 5905 1804 5984 oribustructuscapiensbonlnoofferrentustum
1817 5905 1890 5964 enirn

1251 2973 1374 3029 Pretiosa
1387 2972 1507 3042 pericula
1525 2973 1614 3041 {aditi

1295 3043 1391 3116 (Bosa.
1406 3042 1445 3099 fle
1459 3043 1558 3098 consol.
1571 3041 1673 3109 Pilius.
1685 3042 1704 3097 l.
1718 3057 1749 3109 u,
1764 3051 1834 3101 metr
1846 3041 1893 3120 t.)

412 6002 546 6062 varrum.
572 6003 707 6068 cresin.
1697 5998 1736 6079 2⁶
