4350 6709
217 595 270 649 70¹)
727 567 937 634 TRACTATL'S
954 566 1139 626 tot'ettsus
1157 563 1320 624 JUDAEUll.
1778 563 1830 620 770

216 711 265 764 tim
288 704 336 759 bat
353 700 499 765 credulus,
522 696 585 768 quia
609 694 656 765 qui
679 693 775 763 legerit
794 698 822 746 et
840 685 997 744 incredulus
1012 688 1035 746 Α
1049 691 1142 748 triere;
1170 681 1234 753 quia
1256 679 1377 752 ejusqui
1396 680 1423 735 in
1440 688 1466 736 te
1480 687 1522 735 cst
1543 680 1635 751 populi
1647 680 1831 748 misereberis,

217 798 315 864 tuerit,
331 810 387 852 non
400 793 453 849 crit
468 790 558 844 anima
571 787 632 858 ejus
645 793 719 841 recta
733 785 760 839 in
774 784 844 852 ipso.
867 778 927 841 llic,
941 776 998 833 du-
1048 772 1173 830 uidelicet
1186 773 1327 834 credituri,
1342 779 1369 827 et
1385 772 1555 828 seueritatem
1569 771 1635 840 legis
1644 772 1737 842 gratie
1752 773 1833 830 niiss-

216 891 290 952 uase,
306 885 450 943 manifeste
465 880 615 940 damnaris,
629 878 694 949 quia
717 876 782 948 legis
804 881 832 929 et
861 888 915 928 non
938 886 998 926 crc-
1048 864 1167 922 ricordia
1178 863 1351 934 temperabis.
1365 861 1553 917 Misericordiae
1564 861 1834 930 recordaberis,illins

216 953 284 1040 dis:
300 980 331 1037 st
342 995 443 1033 moram
456 976 556 1046 iecerit,
573 986 693 1042 exspecta
708 985 777 1024 eunt.
796 965 825 1022 st
844 980 946 1020 morarn
960 963 1000 1018 lc·
1048 958 1174 1014 uidelicet
1187 972 1268 1026 quarn
1282 956 1386 1027 primus
1400 956 1481 1009 bomo
1495 954 1633 1023 peccando
1646 954 1773 1024 perdidit,
1788 969 1835 1011 cu·

217 1074 288 1131 cerit
303 1071 564 1143 quadringentorum
586 1073 614 1123 et
634 1064 782 1134 nonaginta
797 1074 931 1116 annorum
948 1061 999 1128 (tot
1045 1046 1093 1118 jus
1118 1052 1258 1115 tantopere
1286 1044 1386 1101 rideris
1412 1043 1524 1108 oblitus,
1552 1043 1617 1098 durn
1639 1042 1730 1099 reddis
1748 1045 1835 1099 iratus

216 1167 291 1221 enim
306 1164 370 1220 anni
381 1164 461 1231 iuxta
475 1161 608 1215 rationem
621 1171 756 1213 annorum
772 1153 908 1210 lunarium
927 1164 1000 1205 corn·
1048 1136 1121 1211 (ruod
1132 1137 1206 1208 iuste
1223 1152 1369 1197 tuerentur.
1395 1142 1421 1190 el
1438 1132 1578 1190 subtrahis
1595 1133 1658 1203 jure
1679 1133 1835 1191 miserantis

216 1265 350 1330 putantur
365 1270 381 1310 a
398 1262 587 1323 temporeque
606 1249 736 1319 templum
754 1245 945 1304 rcmdibcstum
957 1246 1000 1299 est
1049 1230 1174 1285 affectunt
1193 1243 1335 1299 usquequo
1349 1236 1457 1298 tenpus
1470 1228 1560 1282 reniat
1574 1228 1732 1292 miserenti,
1753 1235 1780 1283 et
1799 1227 1835 1281 il·

217 1350 271 1406 sub
281 1347 367 1403 Esdra
386 1353 413 1400 ct
427 1342 557 1398 llcbernia
572 1355 659 1410 usque
676 1339 709 1394 ad
723 1335 885 1408 Christum),
900 1349 917 1389 o
932 1348 997 1405 pro·
1049 1323 1096 1380 btd
1111 1339 1179 1394 opus
1191 1332 1266 1378 tuum
1281 1322 1327 1379 liat
1341 1322 1413 1392 quod
1432 1323 1533 1386 audiri,
1546 1323 1618 1392 qrmd
1633 1325 1696 1393 quia
1715 1324 1837 1382 terribile

218 1440 312 1510 pbeta,
329 1453 364 1492 ne
378 1435 508 1504 desperes
531 1433 642 1485 minime
662 1444 744 1499 posse
766 1427 933 1497 promissum
948 1425 999 1478 im·
1048 1423 1076 1473 et
1092 1426 1216 1474 sanctum
1229 1424 1281 1480 est,
1298 1416 1375 1471 timui
1391 1417 1485 1472 ridens
1504 1416 1532 1470 iu
1547 1416 1643 1485 spiritu
1659 1416 1769 1471 rnoclurn
1781 1430 1837 1487 quo

217 1526 574 1601 pleri;scdexspectceum,
590 1533 671 1589 quem
690 1524 719 1570 tn
741 1513 867 1589 videsis
899 1512 999 1584 spiritu
1049 1507 1117 1563 illud
1141 1507 1246 1581 impleri
1272 1507 1406 1577 disponis.
1430 1505 1507 1573 Quiu
1535 1508 1599 1578 quia
1620 1507 1726 1578 jrrssisti
1751 1506 1835 1563 scribi

218 1629 364 1677 tenturum
377 1618 404 1672 in
415 1613 583 1682 cartre,quia
603 1611 705 1664 seruiens
727 1623 783 1662 non
810 1606 839 1661 in
866 1606 999 1677 plrsrrtas·
1050 1601 1171 1669 apertius
1181 1608 1208 1656 et
1218 1600 1358 1672 explanari
1371 1601 1398 1654 in
1413 1598 1521 1662 tabulis,
1537 1599 1651 1652 libenter
1665 1599 1837 1671 implebojtr·

218 1721 302 1777 mate,
324 1711 372 1767 sed
394 1723 456 1764 rere
475 1707 575 1768 ueniet,·
604 1710 631 1758 ει
653 1702 779 1773 quamuis
801 1697 926 1755 rideatur
949 1697 1001 1754 sub
1049 1694 1139 1750 beutis
1151 1693 1281 1762 oliiciunr,
1294 1708 1326 1747 ac
1342 1693 1407 1749 illud
1422 1707 1491 1763 opus
1505 1699 1583 1746 tuum
1597 1690 1741 1761 diligenter
1753 1705 1837 1763 expo-

218 1800 371 1875 praescripti
396 1797 528 1869 temporis
556 1795 645 1865 spatio
667 1791 776 1847 differre
801 1789 997 1861 presentiam,
1049 1801 1114 1841 nam
1131 1785 1281 1841 manifestis
1296 1784 1414 1840 indiciis.

218 1911 271 1951 sorr
290 1888 409 1947 tardabit
429 1889 496 1960 quin
521 1895 642 1956 teurpore
670 1884 819 1939 constituto
847 1881 1000 1951 promissus
1085 1878 1130 1933 st.
1153 1878 1258 1941 ludite,
1276 1880 1364 1933 tribus
1391 1886 1418 1933 ct
1440 1877 1549 1949 linguae,
1577 1883 1673 1947 gentes
1689 1884 1716 1932 et
1733 1874 1836 1948 populi,

214 1984 357 2041 adueniat.
371 1981 405 2040 Et
424 1983 476 2037 ltoc
496 1981 605 2052 quidem
627 1978 746 2048 signum.
768 1974 820 2042 Qui
841 1972 999 2029 incredulus
1051 1984 1112 2041 quae
1132 1969 1367 2039 bominojubente
1382 1971 1545 2041 praeuuntio.
1562 1969 1632 2024 Deus
1643 1970 1675 2023 ab
1689 1979 1782 2024 austra
1796 1985 1839 2024 rc-

214 2087 305 2136 ·estco
325 2078 448 2146 ternpore
469 2089 523 2144 quo
539 2072 597 2126 baec
620 2070 728 2131 fierent,
759 2083 813 2122 non
834 2067 888 2122 erit
908 2065 999 2118 anima
1015 2038 1036 2094 Β
1050 2065 1113 2127 niet,
1126 2072 1150 2118 et
1164 2063 1314 2120 saretrude
1326 2074 1411 2118 oronte
1426 2063 1536 2118 Pleuron
1548 2063 1647 2134 (itte).
1665 2063 1713 2119 llic
1736 2072 1779 2119 est
1798 2063 1838 2118 ri-

213 2172 279 2239 cius
295 2178 369 2225 recta
388 2182 450 2222 curn
462 2166 532 2235 ipso,
545 2163 609 2234 quia
633 2161 700 2232 legis
722 2157 916 2230 prevaricator
941 2155 1000 2210 exi·
1050 2170 1099 2210 aus
1112 2171 1191 2225 quem
1207 2156 1274 2211 milii
1289 2155 1410 2211 ostendit
1425 2155 1567 2221 Dominus,
1579 2164 1606 2212 et
1618 2157 1764 2226 explanare
1777 2156 1838 2226 jus·

220 2266 285 2326 stet,
300 2275 344 2315 me
358 2259 466 2313 dicente
479 2271 526 2326 per
543 2254 653 2325 lloysen
671 2270 677 2306 :
703 2251 796 2320 iprum
809 2248 923 2302 audietis
936 2256 998 2299 tnn-
1050 2244 1096 2301 sit.
1109 2245 1165 2302 lloc
1179 2261 1248 2317 opus
1259 2247 1321 2316 ejus
1334 2247 1406 2317 quod
1417 2246 1508 2303 audiri
1523 2257 1550 2304 ct
1563 2248 1651 2312 timui,
1667 2250 1739 2318 quod
1750 2247 1839 2303 virita

218 2367 299 2422 mm
313 2365 364 2416 nas,
381 2357 405 2403 ct
420 2347 444 2401 si
470 2346 528 2417 quis
551 2344 627 2398 iilum
648 2358 700 2396 non
724 2339 849 2403 audierit,
873 2337 1002 2392 delebitur
1050 2338 1168 2392 candum
1182 2349 1209 2392 ct
1220 2337 1413 2394 notificandum
1427 2347 1470 2395 cst
1482 2339 1508 2394 in
1522 2339 1611 2394 medio
1624 2353 1768 2404 annorum,
1783 2337 1836 2396 hoc

215 2443 313 2498 ¹ratrirna
326 2441 376 2496 ilia
388 2438 420 2494 de
432 2442 526 2508 populo
541 2453 590 2492 aaa
602 2434 677 2505 (Gen.
695 2433 773 2505 rrn).
1051 2439 1093 2486 est
1107 2429 1135 2484 iu
1152 2429 1198 2486 illo
1212 2439 1332 2501 tempore
1345 2445 1400 2501 quo
1418 2430 1459 2486 lex
1476 2431 1556 2486 bnem
1569 2433 1682 2503 accipiet
1707 2445 1733 2488 et
1747 2429 1835 2502 gratia

253 2534 301 2591 bb.
318 2532 380 2591 trec
394 2532 427 2586 de
446 2529 575 2584 llabacue
602 2535 734 2599 quantum
755 2522 789 2578 ad
805 2523 934 2579 litteram.
948 2520 1002 2578 Sed
1051 2530 1141 2578 suntet
1155 2522 1273 2578 initium.
1287 2523 1371 2578 bene
1383 2524 1459 2580 robis
1474 2525 1566 2579 teniat
1579 2525 1607 2579 in
1619 2525 1840 2595 ambiguumque

218 2625 326 2697 queris
337 2622 382 2678 ubi
398 2621 450 2678 iste
459 2622 533 2675 risus
546 2619 707 2689 explanatus
721 2617 757 2671 sit
772 2614 938 2686 apropbcta.
950 2611 1003 2667 lle·
1052 2620 1174 2684 tempore
1189 2614 1265 2668 risus
1279 2613 1471 2685 adimpleatur,
1486 2622 1514 2671 et
1528 2629 1597 2684 opus
1616 2613 1724 2670 Domini
1738 2616 1839 2682 reniae

221 2716 390 2788 spondemus
405 2712 478 2782 quod
490 2711 517 2766 in
535 2708 713 2780 consequenti
727 2714 862 2777 scriptura
883 2721 945 2777 quoe
960 2704 1004 2758 iu·
1052 2720 1126 2760 nunc
1136 2703 1214 2759 robis
1227 2704 1355 2775 praedico.
1369 2705 1440 2760 sicut
1458 2705 1583 2775 praedixi,
1598 2706 1670 2776 quod
1682 2703 1729 2761 liet
1742 2706 1769 2759 in
1781 2719 1838 2762 me·

220 2807 348 2864 titulatur
359 2804 452 2860 brodo
468 2801 606 2869 llcbacac,
627 2815 682 2855 non
704 2806 810 2853 tantum
826 2797 927 2861 risum,
951 2798 1002 2852 boc
1052 2797 1109 2861 dio,
1125 2797 1204 2852 annis
1219 2796 1319 2852 veteris
1343 2793 1519 2853 instrumenti
1538 2797 1701 2853 succeteme
1721 2797 1840 2868 gratuita

216 2909 265 2955 cst
277 2897 351 2971 quod
363 2896 430 2951 uidit
442 2895 612 2965 explanarit,
640 2892 688 2948 sed
708 2890 853 2947 manifeste
873 2897 1003 2960 tanquam
1052 2888 1254 2954 misericordia,
1279 2896 1307 2944 et
1325 2896 1450 2945 cessante
1468 2890 1521 2945 ritu
1541 2889 1748 2945 sacrificiorum.
1766 2887 1842 2959 Opus

220 2995 311 3049 bonus
322 2989 431 3045 auditor
441 2987 587 3058 exposuit:
603 2984 733 3050 Dominae,
749 2985 849 3054 inquit,
872 2982 961 3038 audiri
975 2983 1004 3037 iu
1054 2979 1168 3051 lleijam
1180 2980 1288 3037 venisse
1303 2981 1361 3053 ipsa
1376 2980 1416 3036 rei
1431 2981 1531 3037 ueritas
1546 2982 1743 3052 comprobabit,
1768 2979 1841 3053 quod
1952 2982 1954 2988 '

220 3085 319 3157 spiritu
346 3078 494 3155 propbetiae
519 3078 639 3133 nuditum
667 3087 739 3132 tuum
754 3074 870 3149 (babae.
887 3076 929 3146 ιιι)
944 3082 1006 3130 tan·
1053 3089 1108 3129 non
1128 3073 1275 3130 erirattnd
1294 3089 1376 3145 quarn
1390 3073 1502 3130 veniens
1517 3074 1575 3145 ipse
1592 3073 1674 3130 Deus.
1690 3074 1730 3128 tt
1745 3084 1839 3132 austro

220 3192 303 3248 quam
315 3174 405 3231 tenuis
417 3187 492 3228 auree
502 3172 623 3228 sibilum.
639 3168 727 3225 Suare
739 3170 847 3240 quidem
858 3167 1005 3223 admodum
1054 3167 1148 3231 reniet,
1163 3174 1191 3222 ut
1212 3166 1289 3224 risus
1308 3167 1468 3239 explanetur
1482 3167 1516 3221 ad
1531 3168 1658 3231 litterani,
1675 3165 1708 3222 de
1732 3166 1841 3223 Betble·

219 3276 249 3325 et
264 3269 325 3324 Ιειιε
335 3275 377 3322 εει
387 3265 461 3337 quod
474 3265 610 3319 auditura
626 3261 756 3328 bonrino;
771 3270 797 3315 ιι
811 3262 888 3315 tirnsi
901 3275 1005 3332 cogno-
1055 3261 1117 3316 bem
1132 3267 1287 3331 consurget,
1303 3276 1363 3331 quae
1376 3260 1409 3315 ad
1421 3268 1544 3315 austrum
1561 3262 1612 3315 sita
1625 3268 1678 3323 cst,
1692 3259 1755 3329 quia
1769 3259 1797 3313 iu
1808 3273 1841 3316 es

220 3378 304 3420 scens
315 3370 343 3417 et
352 3359 505 3431 praesidens
518 3372 578 3428 quae
588 3355 711 3410 lacturus
724 3355 773 3411 sis.
785 3351 918 3423 Obstupui
930 3360 1005 3408 tanto
1018 3387 1043 3452 c
1056 3361 1186 3407 nascetur
1199 3353 1277 3422 juxta
1289 3351 1427 3407 llicitaeam
1438 3353 1485 3422 qui
1498 3352 1536 3405 ait
1551 3367 1558 3402 :
1576 3350 1618 3407 b'a
1633 3359 1657 3406 te
1680 3353 1747 3405 exiet
1765 3352 1843 3420 quasi

221 3451 365 3516 miraculo,
381 3457 407 3505 ct
426 3447 504 3503 timui
520 3447 585 3502 illud
605 3447 726 3501 scribere
741 3444 823 3513 digno
843 3443 934 3500 minus
948 3445 1006 3499 elo·
1057 3446 1208 3501 dominator
1230 3447 1257 3499 in
1274 3443 1360 3499 lsrael
1375 3443 1521 3513 illiciet).
1541 3442 1593 3510 Qui
1609 3444 1679 3500 idem
1694 3452 1736 3499 est
1749 3450 1776 3499 ct
1787 3459 1842 3500 noa

221 3543 298 3614 quio.
313 3542 347 3594 tlt
361 3539 423 3612 quia
439 3547 515 3594 tuum
529 3538 695 3609 propositum
714 3535 820 3604 impleri
829 3550 941 3590 neccsse
953 3541 1005 3597 cst,
1057 3537 1128 3593 alius
1141 3535 1254 3592 Sanctus
1268 3535 1300 3590 de
1314 3544 1398 3590 munta
1412 3534 1521 3590 Plrarun
1531 3535 1577 3605 qui
1594 3549 1672 3590 ιιιοιιε
1683 3534 1789 3590 ricinus
1800 3542 1844 3590 cst

221 3650 240 3690 o
253 3632 377 3696 Domine,
391 3628 462 3699 Opus
475 3638 550 3683 tuum
563 3628 618 3695 sit;
645 3637 673 3684 et
694 3626 746 3681 boc
759 3642 818 3691 oro,
840 3634 869 3680 ut
883 3628 919 3683 sit
929 3627 1007 3697 juxta
1058 3630 1144 3685 monti
1159 3628 1246 3693 Sinai,
1267 3644 1282 3683 a
1295 3644 1350 3698 quo
1364 3627 1466 3682 idcireo
1480 3627 1572 3683 renire
1585 3626 1695 3687 dieitur.
1710 3629 1842 3697 quianon

222 3722 422 3793 beneplacitum
436 3718 787 3789 uoluntatistuae,tempore
801 3716 943 3788 puellulis,
957 3717 1008 3771 boc
1058 3729 1205 3777 tantumut
1220 3719 1375 3789 temporalis
1393 3727 1420 3775 et
1434 3726 1660 3790 natussurgetex
1675 3718 1842 3786 Bethlehem,
1916 3758 1927 3771 .

222 3816 310 3873 estus
323 3814 409 3868 medio
423 3828 561 3868 annorum.
575 3811 614 3868 Eo
627 3820 748 3881 tempore
761 3811 905 3882 impleatur
918 3826 1008 3867 serino
1058 3815 1106 3873 sed
1118 3822 1246 3885 tanquam
1260 3821 1380 3869 aeternus
1393 3814 1440 3883 qui
1454 3814 1538 3883 legem
1551 3813 1625 3868 dedit
1644 3812 1671 3867 in
1694 3821 1785 3869 ruonte
1799 3811 1844 3868 Si·

224 3917 301 3972 tuus,
325 3904 449 3970 Domine,
467 3921 521 3976 quo
537 3903 628 3960 Veteri
643 3901 817 3960 Testamenta
846 3903 922 3959 linito
944 3918 1008 3960 cum
1058 3922 1106 3970 na,
1121 3915 1148 3961 et
1161 3876 1253 3976 lluysi
1261 3904 1370 3960 locutus
1387 3911 1429 3960 εει
1451 3901 1520 3959 lacis
1533 3902 1568 3958 ad
1582 3902 1689 3959 lactem.
1710 3901 1758 3960 Vel
1772 3902 1844 3960 Deus

224 4001 307 4057 annis
332 3999 385 4056 sub
407 3997 465 4068 lege
489 3995 645 4062 transactis,
669 3994 711 4051 rel
724 4003 788 4050 ante
803 3994 900 4066 legem,
914 4011 1010 4053 succe-
1058 3998 1093 4054 ab
1105 4004 1199 4054 austro
1217 3997 1274 4052 sire
1288 4011 1304 4051 a
1320 3995 1445 4061 meridie,
1455 4008 1510 4066 qua
1527 3994 1594 4051 bora
1615 3996 1660 4050 lux
1673 3994 1727 4051 diei
1744 3996 1844 4051 clarior

224 4096 293 4151 dant
303 4093 366 4149 anni
377 4091 411 4148 de
424 4090 525 4162 quibus
538 4091 646 4144 locutus
662 4102 693 4144 es
707 4105 714 4143 ι
730 4085 849 4158 Cogitavi
869 4086 925 4143 dies
939 4091 1010 4144 anti·
1058 4098 1110 4157 est,
1125 4091 1225 4157 reiciet,
1247 4090 1283 4147 ab
1301 4090 1348 4146 illo
1367 4089 1471 4148 scilicet
1487 4088 1535 4161 qui
1552 4090 1640 4145 lucem
1653 4089 1757 4145 habitat
1767 4091 1845 4145 inae·

223 4202 302 4257 qnos,
316 4193 342 4239 st
354 4199 436 4238 annos
450 4192 561 4237 attritos
573 4180 601 4234 is
616 4178 789 4233 mentebului
803 4177 890 4249 (Psoi.
905 4181 1008 4252 cxxvi).
1059 4183 1225 4249 cessibilem,
1252 4190 1280 4239 ct
1299 4190 1411 4240 sanctus
1429 4183 1464 4239 de
1488 4190 1591 4247 monte,
1616 4181 1651 4238 cle
1677 4182 1846 4238 sublimitate
1872 4201 1881 4224 ι

228 4274 262 4331 Et
272 4273 357 4331 alibi:
376 4270 483 4326 Feriam
496 4269 626 4325 nobiscum
640 4278 746 4339 pactum
758 4270 944 4339 sempiternum
960 4271 1011 4324 mi·
1059 4262 1201 4339 coelorum,
1211 4273 1289 4344 juxta
1298 4272 1382 4328 llarid
1395 4273 1442 4344 qui
1454 4273 1491 4328 ait
1506 4289 1513 4325 ε
1529 4273 1549 4326 Α
1566 4288 1668 4327 ειιιιιιιιε
1681 4273 1744 4327 coeio
1758 4289 1848 4344 egres»

227 4363 386 4422 aaronem
399 4359 483 4416 bactu
497 4358 581 4431 fidelis
594 4358 660 4432 (der.
673 4358 769 4424 xxxiii.
783 4358 816 4412 Et
826 4361 942 4415 iterum:
960 4359 1012 4415 Ec·
1059 4365 1100 4418 sio
1113 4365 1170 4434 ejus
1185 4363 1274 4434 tl’sut.
1288 4367 1378 4436 xrtrr),
1391 4363 1439 4435 qul
1454 4362 1491 4419 Os
1508 4373 1535 4419 ει
1548 4361 1666 4419 Verbum
1682 4362 1772 4420 Patris
1789 4373 1844 4429 cst,

228 4473 257 4513 ce
268 4457 325 4511 dies
334 4456 447 4516 renisum,
462 4452 525 4508 dicit
535 4452 672 4516 Dominus,
684 4461 709 4505 et
718 4449 856 4521 disponam
867 4461 1009 4506 testamen·
1060 4463 1159 4510 cuncta
1170 4455 1285 4511 ridentis
1295 4463 1323 4510 et
1337 4456 1466 4525 regentis.
1480 4453 1588 4510 Pharan
1602 4455 1702 4524 quippe
1713 4456 1846 4525 interpre-

226 4557 283 4602 tans
294 4546 383 4601 domui
396 4544 469 4599 larda
483 4544 574 4615 (unios
586 4543 657 4615 ιιιι),
680 4557 735 4598 non
753 4544 903 4601 secundum
925 4549 1010 4598 testa·
1060 4554 1134 4602 tatur
1148 4563 1177 4603 os
1189 4546 1309 4602 sidentis.
1325 4545 1358 4599 Et
1372 4553 1445 4602 recte
1458 4546 1491 4602 de
1503 4544 1610 4601 Pharan
1630 4549 1723 4604 uentre
1733 4531 1846 4612 dicilur,

227 4645 349 4694 mentum
363 4638 434 4708 quod
450 4637 511 4691 dedi
526 4636 648 4707 patribus
663 4650 767 4692 eorum.
794 4634 865 4706 Ergo
879 4635 906 4691 iu
922 4634 1011 4689 medio
1060 4639 1125 4709 quia
1142 4636 1261 4693 Verbum
1276 4636 1397 4707 procedit
1413 4652 1447 4692 es
1467 4652 1515 4692 ore
1529 4637 1671 4693 altissimi.
1688 4637 1730 4692 Ab
1751 4646 1848 4694 austro

227 4730 345 4787 duorum
360 4723 594 4793 testamentorum,
604 4728 655 4782 boc
668 4734 711 4784 est
722 4727 749 4782 in
766 4729 818 4783 tine
831 4728 1010 4799 precedentis
1026 4728 1047 4784 b
1061 4728 1287 4800 ergosecundum
1303 4726 1375 4799 quod
1387 4728 1571 4798 temporaliter
1585 4734 1730 4789 natusest,
1750 4728 1846 4784 renim

227 4831 254 4880 et
269 4824 299 4878 in
315 4822 393 4878 initio
405 4822 607 4892 subsequentis,
626 4819 735 4890 quando
756 4820 808 4876 boc
829 4818 1011 4877 mediuman·
1061 4820 1172 4885 dicitur,
1195 4828 1223 4877 et
1247 4821 1280 4877 de
1303 4819 1526 4884 montePbaran,
1555 4820 1845 4890 quiaaetcrnaliterex

228 4931 327 4973 norum
344 4915 479 4971 interduo
492 4923 614 4984 tempora
626 4913 680 4968 liet.
696 4909 818 4979 Viritlca,
833 4910 956 4975 llonrine,
979 4910 1012 4964 ii·
1061 4928 1109 4969 ore
1123 4921 1221 4970 cuncta
1235 4912 1353 4971 rideatis
1364 4913 1497 4970 altissimi
1517 4911 1607 4970 Patris
1626 4914 1752 4984 procedit
1767 4924 1846 4972 aeter·
1917 4934 1922 4945 ·

228 5010 276 5066 lud
294 5022 363 5078 opas
385 5016 472 5071 tuum,
493 5004 565 5076 quod
585 5005 711 5074 superius
736 5004 844 5074 jussisti
872 5008 1011 5078 explanari
1061 5022 1124 5062 nus.

226 5105 256 5161 iu
266 5103 367 5160 tabulis
380 5111 408 5160 et
423 5104 543 5173 apertius
554 5101 648 5157 scribi.
665 5097 762 5158 Certus
779 5102 872 5174 itaque
888 5103 922 5160 de
935 5103 1011 5159 lutu-
1097 5097 1141 5153 52.
1161 5096 1298 5154 Fortassis
1312 5096 1413 5154 nimius
1426 5096 1524 5154 inerim
1536 5098 1564 5155 iu
1579 5099 1664 5156 nnius
1676 5099 1847 5171 expositione

226 5199 267 5254 ris
278 5194 402 5261 effectus,
428 5210 481 5249 non
496 5192 601 5248 orando
615 5192 661 5247 scd
675 5193 846 5264 predicendo
869 5195 1012 5278 pposequi-
1061 5190 1183 5261 capituli,
1197 5200 1225 5246 et
1239 5191 1334 5248 lectori
1347 5190 1486 5248 fastidium
1498 5208 1640 5265 generans.
1658 5193 1789 5250 iteremus
1800 5208 1846 5250 er·

225 5293 274 5343 tur
294 5305 303 5344 r
322 5283 357 5341 ln
378 5284 461 5340 medio
480 5299 609 5339 canorum
631 5292 721 5338 notum
733 5285 815 5355 facies
829 5283 943 5356 (Babae.
957 5285 1010 5355 ιιι).
1061 5283 1251 5355 goquaedicta
1265 5292 1340 5350 sunt,
1354 5285 1460 5356 etquid
1482 5284 1593 5343 iudaeus
1612 5287 1707 5343 audire
1734 5296 1848 5357 rogatur
1953 5357 1956 5365 .

228 5377 307 5434 'lune
321 5377 381 5433 sine
395 5377 469 5431 omni
490 5376 665 5448 ambiguitate
687 5377 759 5448 quod
772 5377 853 5431 modo
863 5376 1010 5446 promittis,
1061 5375 1178 5432 breviter
1188 5376 1359 5446 replicemus.
1370 5376 1479 5435 Dixerat
1488 5378 1746 5450 superiussesuper
1756 5387 1846 5434 custo·

227 5467 340 5541 quando
358 5467 424 5522 illud
439 5466 556 5522 medium
571 5468 624 5523 crit
648 5467 720 5539 quod
732 5468 834 5524 diridet
857 5468 928 5524 inter
946 5467 1011 5533 duo,
1062 5468 1136 5525 diem
1149 5484 1227 5524 suam
1247 5477 1330 5536 stare,
1353 5469 1477 5542 elligere
1491 5470 1604 5543 gradum
1620 5470 1847 5542 supermunitio·

227 5559 355 5617 uidelicet
369 5557 441 5613 inter
454 5564 645 5612 testamentum
668 5556 743 5628 quod
769 5557 869 5615 dedisti
888 5558 1012 5629 patribus
1062 5578 1135 5626 nera,
1151 5569 1182 5617 ut
1196 5563 1374 5634 contemplari
1389 5572 1482 5634 posset
1495 5572 1522 5619 et
1535 5563 1628 5618 ridere
1642 5562 1706 5634 qnid
1730 5561 1782 5619 sibi
1802 5561 1845 5618 di·

227 5651 345 5720 uostris,
362 5658 590 5730 ettestamentunr
607 5653 680 5723 quod
694 5658 720 5707 te
734 5652 860 5708 daturum
876 5652 1012 5724 promittis
1061 5662 1191 5712 seretur:
1210 5670 1426 5727 responsumque
1450 5663 1493 5712 est
1520 5656 1558 5710 illi
1581 5670 1600 5709 a
1623 5654 1738 5727 bomipn
1764 5663 1848 5726 atqie

227 5745 345 5801 multum
361 5759 376 5798 a
391 5745 479 5815 primo
493 5743 641 5806 dirersum,
656 5752 770 5817 actunc
784 5761 843 5799 cunr
857 5746 942 5799 iratus
955 5745 1013 5814 ius·
1063 5754 1227 5817 preceptum
1238 5757 1267 5802 ut
1278 5746 1410 5804 scriberet
1422 5755 1449 5802 et
1462 5748 1620 5818 explanaret
1635 5749 1663 5804 in
1679 5748 1797 5816 tabulis;
1817 5755 1848 5803 ut

227 5836 279 5898 ris,
300 5834 365 5905 quia
385 5833 541 5912 propitiatio
560 5832 604 5887 bet
619 5849 668 5904 per
682 5849 766 5889 unum
780 5834 897 5896 cunctis,
912 5835 1013 5889 miseri·
1062 5838 1109 5895 ille
1122 5847 1283 5910 prosecutus
1294 5840 1416 5908 iubentis
1427 5840 1581 5910 imperium,
1592 5840 1662 5896 bunc
1677 5841 1847 5912 explanatio·

226 5924 330 5983 cordio
356 5923 534 5980 recordaberis
560 5923 658 5996 (ibid).
682 5923 741 5981 lion
755 5926 808 5983 erit
825 5927 943 5999 amplius
964 5942 1012 5983 ne·
1062 5945 1126 5986 trem
1137 5930 1221 5997 dedit,
1232 5931 1383 6001 quodopus
1394 5928 1541 5987 boniatis
1552 5929 1787 5989 medioannorum
1799 5946 1848 5987 noa

228 6032 310 6075 resse
324 6017 433 6072 oculum
447 6031 496 6088 pro
509 6014 600 6080 oculu,
613 6016 655 6073 rel
664 6016 771 6074 dentem
783 6035 832 6091 pro
841 6020 922 6078 derrtc
936 6020 1014 6078 resti·
1064 6028 1121 6076 turn
1134 6021 1245 6080 iaceret.
1266 6021 1348 6092 Quid,
1361 6023 1462 6090 ulca,
1475 6022 1638 6080 cmtendisl
1661 6023 1713 6081 tlut
1725 6022 1769 6078 bic
1783 6036 1847 6090 pra·
