4350 6709
177 614 183 621 .
218 585 271 643 ω
743 575 840 631 trouu
863 573 907 630 oa
927 568 1154 629 satornana
1171 569 1302 626 artua.
1786 572 1838 629 ors

217 699 306 755 solus.
323 693 409 750 llaltct
429 692 502 747 enim
517 690 728 762 cooperatricem
744 690 865 745 sedulam
883 697 910 743 et
925 687 1040 757 adju-t
1089 684 1193 742 'l'aliter
1204 699 1265 740 cunr
1284 683 1356 739 ratio
1373 683 1511 739 bominem
1540 682 1662 748 instruit,
1689 682 1771 740 unios
1793 701 1841 743 re-

217 786 315 840 tricem
332 781 508 838 indefessam.
537 779 622 835 llabct
634 779 734 850 quiippe
757 792 870 832 uxorem
882 775 1002 831 scabrium
1054 777 1131 847 riqrre
1147 774 1194 830 bei
1207 775 1286 830 iidem
1300 775 1394 845 gignit.
1409 773 1489 828 ilatio
1503 789 1569 845 crgo
1579 773 1840 841 Deumcsseasserit

217 874 420 935 otmodestam,
434 872 557 942 pudieam
566 880 592 927 et
608 868 864 933 bonosianullabet,
880 868 1001 937 inquam,
1054 873 1081 920 ct
1101 863 1282 934 irrefragabili
1309 870 1529 934 argurncntorum
1554 861 1668 918 ueritate
1689 863 1838 921 convincit.

218 980 332 1021 uxorem
354 964 515 1019 naturaliter
537 964 589 1018 sibi
615 960 763 1032 ingenitam
779 966 805 1013 ct
828 958 1002 1027 eonjrrnetaur
1054 955 1135 1010 Fides
1147 954 1238 1024 itaque
1250 954 1483 1024 primogenitacst
1495 951 1602 1007 soboles
1623 967 1655 1006 ex
1670 953 1768 1022 copula
1779 955 1838 1025 spi.

219 1057 371 1121 rationem;
396 1055 477 1123 etrjrrs
491 1053 601 1123 quidem
623 1052 647 1107 si
674 1050 731 1120 ipsc
745 1047 837 1103 ouuria
864 1051 926 1116 agot
940 1060 1003 1099 curra
1055 1048 1125 1101 ritus
1141 1052 1168 1100 et
1180 1045 1291 1098 rationis
1308 1052 1459 1113 procreata,
1482 1048 1543 1111 post
1558 1041 1637 1109 cnjus
1653 1048 1778 1097 exortunr
1791 1056 1840 1101 or·

217 1147 347 1210 consilio,
359 1146 482 1216 nibilque
497 1144 586 1199 lacere
603 1151 759 1212 presumat,
784 1140 838 1194 uisi
852 1139 923 1209 qrrod
945 1138 1004 1207 ipsa
1054 1140 1157 1193 uincet
1170 1144 1249 1191 aetate
1263 1136 1382 1190 seeunda
1398 1149 1460 1203 spes
1479 1132 1610 1202 gignitur.

220 1241 356 1301 bortatur,
386 1238 517 1306 suggerit,
543 1241 645 1297 innuet,
670 1234 810 1302 sapienter
834 1229 1007 1284 acdeecutcr·
1306 1225 1370 1285 Cre.
1387 1222 1454 1281 itti.
1472 1225 1575 1292 verpe.

219 1329 378 1399 providere,-
392 1336 418 1381 ct
431 1328 504 1396 juste
516 1334 613 1379 ettrretn
632 1325 769 1392 disponet.
783 1320 842 1390 lpsa
867 1321 938 1375 enirn
955 1334 1005 1373 na·
1091 1319 1237 1389 Postquam
1252 1302 1323 1372 enirn
1339 1317 1402 1386 qrris
1417 1315 1501 1371 Deum
1516 1332 1588 1383 esse,
1600 1328 1627 1374 et
1643 1319 1670 1373 iu
1681 1316 1766 1375 Deum
1778 1331 1841 1377 cre·

219 1420 345 1473 turalitcr
361 1419 451 1471 otnuLa
463 1416 698 1485 justaetbnncsta
710 1413 845 1467 desiderat
863 1422 889 1466 et
904 1411 1001 1478 diligit,
1055 1412 1120 1465 dere
1133 1410 1256 1478 emper-ic,
1268 1423 1440 1477 consequens
1464 1414 1516 1472 cst,
1533 1416 1562 1462 ιιι
1578 1409 1678 1465 bonnm
1693 1416 1721 1464 et
1733 1409 1839 1479 justum

220 1510 364 1566 inhonesta
395 1524 457 1564 rcro
476 1517 503 1562 et
523 1507 623 1576 irrjttsta
640 1503 704 1559 tutis
717 1503 820 1558 viribus
842 1508 1005 1570 aspernatur

220 1606 248 1655 ct
260 1600 331 1657 odit.

256 1712 280 1770 0
295 1714 378 1784 igitur
392 1713 496 1768 iclicctu
514 1711 652 1784 spiritum,
668 1711 691 1765 si
705 1710 786 1779 lmjus
803 1718 857 1764 taur
872 1708 1005 1779 sapientis

220 1811 317 1860 ettam
333 1804 426 1860 sobrio
439 1803 537 1857 decore
551 1801 746 1872 praefulgentis,
765 1807 819 1853 tatu
832 1801 958 1881 tortuosae
979 1805 1005 1853 et

220 1893 348 1965 gratiosae
360 1892 453 1948 uxoris
462 1894 545 1946 castis
560 1892 711 1945 delectetur
726 1889 910 1957 mimiambos,
927 1889 1005 1956 errius

1055 1518 1117 1557 esse
1135 1501 1260 1555 dubitare
1277 1513 1330 1553 uon
1346 1498 1442 1569 pinsit.
1457 1496 1535 1562 Quod
1546 1498 1617 1552 cuim
1630 1514 1686 1554 nou
1699 1499 1788 1555 bonus
1798 1499 1841 1554 rel

1057 1595 1176 1663 injustus
1188 1592 1223 1645 sit
1239 1591 1279 1645 rel
1295 1605 1355 1646 csse
1383 1589 1481 1659 possit,
1508 1589 1577 1643 ratio
1595 1589 1706 1644 credere
1727 1604 1841 1659 prorsus

1058 1686 1157 1749 renuit,
1168 1702 1254 1754 netpre
1269 1685 1319 1737 boe
1330 1682 1385 1735 ullo
1400 1680 1481 1734 ruodo
1494 1694 1591 1735 sensns
1606 1681 1724 1735 leontinis
1737 1682 1841 1749 integer

1057 1779 1098 1832 rel
1126 1777 1270 1831 incolumis
1298 1775 1340 1828 vel
1369 1773 1489 1842 cogitare
1508 1771 1656 1840 praesumit.
1681 1770 1749 1827 Cunt
1768 1771 1841 1824 cuim

1055 1866 1162 1936 justitia
1175 1863 1210 1918 sit
1226 1863 1344 1917 tribuere
1359 1861 1457 1931 cuiipue
1469 1862 1518 1925 rei,
1534 1859 1606 1931 qrrod
1622 1867 1762 1923 suomcst,
1774 1858 1842 1915 nibil

221 1982 321 2036 doctus
349 1981 474 2044 consilio,
504 1980 590 2034 lrctos
613 1979 715 2033 auxilio
745 1979 870 2032 riticitura
890 1978 1007 2032 declinet
1057 1968 1112 2012 lim
1126 1959 1327 2026 1⁰⁵¹⁰¹¹¹⁰⁸¹d¹¹
1339 1953 1478 2022 Deussrlssi
1494 1952 1843 2022 b⁰⁰⁸⁰¹¹¹⁵V0l⁰ll¹⁰¹¹ell⁰⁶

221 2072 361 2135 unircrsa,
377 2079 404 2125 ct
414 2086 527 2141 quaeque
537 2072 836 2141 concupiscatagatqno
852 2069 1004 2140 protutura!

222 2161 295 2215 linas
310 2168 423 2215 naturas
435 2160 505 2216 betas
526 2161 553 2215 iu
568 2162 658 2214 areima
673 2164 774 2231 posuit,
785 2177 866 2215 uuam
882 2164 1006 2229 superio-

221 2266 291 2311 rein,
309 2248 334 2301 id
345 2256 388 2304 est
399 2249 547 2313 ratioucnr;
564 2249 645 2302 aliana
661 2249 833 2315 inferiorem,
848 2250 874 2304 id
889 2257 932 2305 cst
944 2265 1007 2304 scu·

220 2340 389 2395 suulitatern.
405 2338 485 2393 ilatio
503 2348 545 2394 est
557 2340 598 2394 ris
614 2340 739 2408 superior
754 2356 801 2395 seu
812 2341 898 2395 virtus
910 2341 1007 2394 anirnae

220 2430 368 2501 quainbiat
387 2431 557 2501 spiritalibus
573 2472 580 2497 ,
596 2437 622 2484 ct
638 2431 784 2500 imaginent
799 2430 845 2485 bei
860 2440 1006 2486 conseruat

220 2523 249 2576 in
264 2537 303 2577 se.
321 2519 492 2576 Sensnalitas
518 2522 647 2577 interiora
663 2521 715 2576 ista
730 2528 756 2576 et
776 2522 892 2576 risibilia
918 2521 1006 2575 admi·

220 2613 321 2668 nistrat
333 2619 360 2667 et
374 2612 505 2681 disponit,
522 2630 581 2684 qttae
600 2613 727 2669 sensibus
739 2612 880 2681 corporeis
896 2613 1000 2683 percipi

220 2711 248 2759 et
263 2705 421 2775 concupisci
439 2711 563 2775 possunt.

256 2815 322 2873 Car.
339 2815 394 2874 vlt.
416 2817 452 2872 De
469 2819 568 2889 triplici
589 2819 663 2889 prole
676 2820 785 2888 spiritus
800 2830 823 2873 et
847 2820 970 2874 rationis.

256 2907 312 2965 Nec
322 2910 409 2964 solum
424 2917 464 2965 tot
478 2911 616 2980 tantisque.
635 2911 715 2966 bouis
732 2911 880 2965 abundabit
899 2911 955 2965 inec
969 2910 1007 2966 le·

221 3000 259 3057 lix
281 3001 388 3073 copula,
405 3000 453 3056 scil
476 3002 558 3054 itiam
578 3002 661 3077 prole!
672 3002 796 3057 beabitur
816 3002 937 3064 mirabili,
949 3004 1005 3059 ele-

221 3093 308 3173 ganti,
319 3107 460 3163 generosa.
477 3090 564 3161 liujus
578 3093 651 3147 cuim
664 3092 784 3164 conjugii
796 3093 929 3164 spiritalis
950 3093 1006 3149 iru-

221 3194 284 3240 ctns
300 3185 386 3253 prima
401 3184 467 3240 sitlos
481 3192 533 3247 cst,
550 3184 670 3239 secunda
687 3201 760 3253 spos,
783 3186 862 3240 tertia
873 3185 1004 3243 ebaritas.

221 3275 294 3331 ltttrit
306 3275 378 3330 euim
393 3276 507 3344 sperari,
525 3276 566 3330 rcl
578 3284 716 3353 speratum
732 3277 817 3329 amari
831 3284 931 3346 potest,
951 3276 1005 3330 nisi

221 3366 309 3443 prius·
323 3381 384 3421 esse
406 3366 542 3421 credatur.
567 3367 648 3422 Credi
674 3373 764 3423 auteur
780 3374 879 3438 potest,
905 3370 928 3424 si
951 3384 1005 3424 uon
1020 3388 1040 3443 g
1058 3407 1184 3454 cmm„

222 3463 348 3527 speretur
360 3457 400 3511 rel
414 3464 530 3513 ametur.

1022 2027 1043 2081 Β
1057 2049 1194 2110 observat,
1205 2052 1233 2099 et
1252 2052 1383 2098 creaturae
1398 2042 1513 2113 justitiae
1526 2040 1694 2112 perceptibili
1704 2040 1839 2094 rationem

1058 2136 1265 2205 inseparabilem
1295 2142 1322 2188 et
1353 2133 1504 2187 naturalem
1533 2125 1651 2201 jistiree
1683 2130 1842 2200 magistratu

1058 2225 1165 2289 indidit,
1181 2240 1241 2294 ntra
1254 2224 1325 2276 bane
1336 2223 1369 2276 ab
1383 2236 1415 2276 ca
1438 2220 1539 2291 jugiter
1553 2221 1654 2290 erigat,
1671 2227 1699 2274 ct
1714 2219 1740 2272 iu
1753 2233 1843 2288 quone

1058 2326 1115 2372 tum
1129 2330 1188 2370 carn
1201 2313 1277 2383 scuni
1288 2313 1414 2377 uoluerit,
1428 2311 1560 2381 ajustitia
1574 2311 1685 2366 deviare
1696 2323 1751 2364 nou
1759 2310 1842 2365 sinat.

1091 2406 1160 2459 Corn
1175 2418 1239 2473 ergo
1264 2402 1346 2457 Deum
1357 2402 1462 2471 justum
1476 2409 1503 2456 et
1519 2402 1620 2456 bonum
1641 2416 1722 2456 omne
1744 2414 1794 2455 oor
1815 2408 1844 2455 et

1058 2499 1149 2568 lingua
1171 2497 1344 2551 concorditer
1367 2493 1492 2558 latentur,
1509 2492 1683 2563 perspicuum
1708 2499 1762 2556 est,
1777 2491 1843 2562 quia

1057 2587 1129 2658 qnod
1146 2587 1203 2657 ipse
1217 2595 1269 2650 est,
1285 2601 1339 2640 non
1359 2600 1450 2640 atrrare
1473 2600 1527 2639 non
1552 2590 1653 2654 potest,
1672 2589 1699 2637 et
1718 2598 1775 2639 suae
1793 2597 1843 2639 as-

1058 2676 1152 2732 sentiae
1162 2675 1317 2731 contrarius
1329 2682 1356 2729 et
1378 2673 1507 2728 inimicus
1519 2688 1592 2729 esse.
1616 2673 1706 2730 Boram
1721 2673 1804 2743 igitur
1815 2681 1844 2729 ot

1058 2769 1162 2822 anricus
1179 2773 1221 2821 cst
1235 2764 1293 2827 bei,
1303 2765 1426 2819 maluset
1447 2764 1566 2833 injustus
1581 2763 1708 2821 inimicus
1725 2771 1768 2820 est
1783 2763 1843 2820 bet.

1059 2856 1138 2911 ilatio
1154 2863 1242 2909 autem
1259 2854 1445 2909 necessarium
1464 2869 1526 2910 esse
1551 2854 1661 2918 astruit,
1684 2861 1714 2909 nt
1741 2854 1841 2910 bencli

1058 2948 1130 3001 rium
1147 2946 1194 3000 oei
1206 2946 1355 3014 etiustitiac
1366 2947 1465 3012 amico,
1489 2946 1652 3016 supplicium
1663 2962 1729 3002 vcro
1749 2946 1797 3002 liei
1817 2954 1845 3009 ot

1057 3037 1170 3102 iustitiae
1197 3036 1329 3092 debeatur
1349 3037 1471 3092 inimico.
1495 3036 1565 3091 Cum
1588 3038 1661 3092 enim
1689 3045 1843 3107 creatorem

1058 3130 1157 3186 bonam
1172 3143 1233 3183 csse
1247 3128 1289 3183 vel
1304 3127 1358 3182 dici
1370 3127 1444 3182 alind
1460 3142 1515 3182 non
1533 3125 1618 3181 iaciat
1629 3142 1710 3197 quana
1724 3128 1752 3187 id
1764 3128 1844 3189 velle.

1058 3219 1131 3289 quod
1147 3218 1261 3275 Creator
1278 3234 1345 3273 setus
1363 3219 1431 3282 ruit,
1444 3219 1542 3271 uralaru
1553 3233 1616 3272 sero
1631 3217 1754 3283 idrnolle,
1770 3218 1845 3288 quod

1057 3310 1171 3364 Creator
1184 3309 1255 3374 rult;
1269 3308 1331 3378 quis
1342 3308 1446 3362 ratione
1458 3315 1537 3361 utens
1546 3305 1680 3368 Creatori,
1697 3307 1740 3360 cui
1755 3307 1846 3365 oannis

1207 3397 1362 3467 justissimo
1385 3395 1465 3451 subdi
1490 3395 1582 3459 debet,
1610 3394 1845 3464 obtemperantem

1057 3488 1155 3556 gloria,
1174 3485 1350 3541 rebellantem
1366 3498 1430 3540 vero
1444 3484 1556 3553 dignum
1571 3497 1650 3553 poena
1663 3482 1845 3553 noniudieatl

257 3565 375 3622 Primam
398 3582 463 3638 crgo
483 3576 548 3622 nata
575 3568 653 3624 sulem
673 3585 734 3625 esso
751 3569 878 3626 dicimus.
909 3569 1007 3625 Statim
1058 3575 1140 3630 lionis
1156 3574 1239 3644 igitur
1253 3574 1334 3637 bona,
1364 3573 1444 3628 malis
1464 3575 1535 3628 mala
1554 3571 1657 3636 deberi,
1680 3572 1845 3629 necessariis

221 3657 295 3712 enirn
311 3666 339 3711 ut
349 3657 419 3713 ratio
431 3664 458 3711 et
472 3657 586 3727 spiritns
601 3660 704 3714 mutuis
719 3660 933 3714 commiscentur
949 3674 1008 3712 ant·
1058 3665 1127 3720 ratio
1139 3664 1272 3719 obtinebit
1283 3666 1463 3735 argumentis.
1707 3661 1709 3664 ’

222 3747 358 3823 pleribus,
377 3747 442 3804 fides
460 3749 602 3804 clucescit.
617 3748 709 3804 Fidem
728 3749 797 3802 ratio
806 3749 932 3819 partierit.
954 3746 1008 3803 lte·
1093 3751 1266 3822 llincitaque
1291 3768 1353 3822 spcs
1366 3754 1499 3808 nascitur.
1514 3752 1584 3819 Quia
1604 3752 1846 3823 postquambooao

222 3854 284 3892 rum
315 3853 442 3908 namquo,
465 3854 581 3908 unarum
603 3840 765 3894 notitiama
794 3839 1007 3908 spiritucorpus
1059 3843 1143 3898 Deum
1156 3858 1228 3908 esse,
1251 3850 1279 3898 et
1305 3844 1450 3898 bonuntet
1473 3843 1579 3912 justum
1601 3858 1665 3898 csso
1684 3843 1844 3908 crediderit,

222 3925 393 4001 inhabitante
406 3927 595 3983 ctririlicaute
606 3928 786 3997 percipimus,
801 3942 902 3983 causas
912 3936 939 3983 et
951 3928 1008 3980 ori·
1057 3935 1130 4004 quand
1146 3934 1225 3989 bonis
1247 3935 1328 3997 bona,
1346 3934 1425 3989 malis
1450 3935 1531 3998 mala,
1547 3934 1653 4004 justitia
1674 3935 1703 3990 ιιι
1720 3937 1846 4007 exigente

221 4017 300 4091 giucs
324 4016 393 4072 duce
413 4018 737 4089 rationeiuvestigamus.
757 4019 825 4073 Cum
851 4019 923 4072 attint
946 4019 1008 4072 uui·
1059 4024 1463 4092 retribuercdcbeat,dubitare
1480 4025 1552 4080 ratio
1566 4040 1621 4080 non
1633 4026 1774 4095 permittit.
1790 4025 1846 4081 lla·

221 4107 606 4178 versitatispulchritudinem,
621 4109 683 4164 cteli
693 4117 826 4178 terraeque
840 4110 1005 4173 machinam,

220 4213 292 4268 opus
306 4198 430 4255 mirabile
440 4199 652 4271 delectabileque
663 4202 743 4257 borno
751 4201 871 4271 inspicit,
882 4201 1006 4271 opistecm

220 4298 249 4346 et
279 4297 418 4347 auctorem
439 4293 530 4362 operis
545 4292 616 4345 ratio
634 4293 776 4362 perquirit.
807 4291 1007 4348 ilatiociuaudo

220 4380 295 4435 onim
310 4381 423 4452 colligit,
436 4383 508 4453 qttod
520 4382 587 4436 nibil
604 4383 700 4436 borum
718 4398 765 4451 per
778 4398 808 4437 se
824 4383 927 4438 relase
942 4384 1009 4439 sub·

221 4471 336 4527 sisteMi
347 4472 454 4527 initium
473 4473 606 4528 babuerit.
628 4471 655 4527 Si
671 4474 743 4526 enim
759 4474 816 4528 ltere
831 4488 878 4541 pcr
890 4489 919 4527 se
934 4474 975 4528 rcl
990 4489 1005 4527 a

222 4579 253 4620 sc
269 4564 337 4637 ipsis
352 4561 420 4618 lacta
434 4562 560 4628 luissent,
574 4579 658 4633 quaro
669 4571 695 4618 et
707 4563 759 4617 alio
770 4564 813 4617 bis
827 4562 925 4618 similia
933 4571 1007 4632 post-

220 4671 253 4711 ca
270 4673 286 4710 a
301 4670 330 4711 se
344 4655 412 4725 ipsis
428 4654 497 4709 lacta
525 4672 578 4710 ιιοιι
602 4655 727 4717 luissent,
753 4654 794 4708 rol
815 4653 1004 4723 inpraesentia·

222 4762 283 4800 rurn
299 4761 353 4799 non
368 4745 479 4800 sterent?
500 4744 575 4798 Patet
601 4760 675 4814 crgo,
691 4745 753 4813 quia
778 4745 944 4799 conditorem
959 4743 1006 4797 ba·

222 4837 353 4900 buerunt,
374 4835 420 4905 qui
436 4834 493 4889 llaec
510 4836 638 4904 ,rpuarrdo
650 4834 746 4899 voluit,
765 4834 837 4899 lecit,
856 4841 883 4889 et
902 4842 1006 4905 postea,

221 4927 288 4997 grtia
299 4926 395 4991 noluit,
413 4926 455 4981 lus
472 4927 572 4981 similia
588 4942 641 4981 nou
652 4927 725 4981 lecit.

257 5040 382 5109 Amplius
398 5058 405 5095 :
420 5040 460 5094 sie
484 5038 541 5094 baec
564 5055 579 5092 a
605 5054 633 5093 se
644 5037 711 5107 ipsis
725 5054 804 5093 snum
819 5054 880 5094 csse
894 5039 1006 5096 babuis-

222 5135 297 5191 scnt,
327 5128 394 5181 nulli
413 5120 536 5197 prolecto
553 5127 738 5190 mutabilitati,
755 5129 880 5183 varietati
895 5131 937 5184 rel
960 5130 1008 5186 tle·

222 5217 508 5287 leduisubp'acercnt;
524 5219 597 5287 apuria,
613 5217 683 5272 sicut
697 5217 750 5272 sibi
766 5219 830 5287 ipsis
850 5221 1007 5286 essentiam,

221 5306 264 5370 sic
280 5306 333 5362 sibi
346 5306 592 5362 immutabilitatem
616 5313 643 5361 et
659 5306 819 5361 indefinitivi
835 5317 923 5365 status
933 5317 1010 5364 aeter·

222 5398 335 5452 nitatem
347 5397 537 5462 contulissent,
552 5405 579 5450 et
589 5396 660 5450 sieut
673 5410 744 5460 esse,
757 5396 901 5467 siculique
915 5414 1007 5454 rerttm

221 5495 249 5543 ct
264 5487 397 5556 optimum
405 5501 467 5541 csse
486 5487 538 5541 sibi
554 5486 750 5541 vindicassent.
766 5484 835 5552 Quia
849 5487 935 5558 igitar
948 5505 1008 5544 rnn-

223 5575 352 5632 tabilitati
364 5582 391 5631 et
402 5574 519 5630 delectui
535 5576 657 5645 subiecta
682 5585 755 5641 stent,
780 5577 879 5646 tptroda
894 5596 924 5635 se
942 5580 1008 5649 ipsis

222 5682 278 5722 nou
298 5666 363 5731 sint,
378 5666 438 5737 ipsa
462 5667 619 5722 ostendunt.
634 5665 752 5722 Necesse
770 5676 813 5723 ost
826 5684 890 5740 crgo
906 5670 1007 5740 aliquid

221 5773 295 5821 esso,
314 5773 396 5828 aquo
421 5757 512 5812 omnia
534 5757 651 5813 babeant
675 5775 755 5814 sntmt
778 5774 848 5817 csse.
877 5760 1008 5830 Quisqms

222 5856 314 5905 atatem
334 5849 380 5906 ille
401 5856 453 5914 cst,
471 5849 528 5919 ipse
555 5857 661 5904 creator
678 5860 703 5906 ct
718 5850 871 5907 dominator
895 5851 965 5910 Deus
981 5862 1008 5909 ct

222 5940 355 5996 llotttittus
370 5950 450 5997 roms
465 5947 490 5995 ct
505 5940 580 5997 solus
590 5952 639 5997 cst.

1058 4119 1106 4172 bcs
1117 4132 1182 4186 ergo
1204 4116 1282 4172 sidem
1306 4125 1333 4172 ct
1355 4131 1430 4187 spem
1446 4131 1480 4170 ex
1493 4116 1621 4186 conjugio
1641 4114 1787 4186 spirituset
1798 4132 1845 4170 ra·

1059 4209 1141 4263 tionis
1155 4209 1331 4279 prttdountcs.

1283 4297 1348 4354 Car.
1370 4297 1415 4354 lll.
1433 4297 1472 4353 De
1485 4299 1633 4354 edacitate.-

1093 4412 1248 4467 Novissima
1260 4419 1350 4466 autem
1366 4419 1454 4473 aetate,
1467 4409 1514 4465 scd
1531 4412 1617 4481 prima
1629 4409 1761 4481 dignitate
1779 4413 1847 4468 rba«

1058 4503 1126 4557 ritas
1150 4508 1304 4571 generatur.
1326 4500 1397 4554 Nihil
1418 4501 1491 4555 enirn
1518 4511 1635 4562 amatur,
1649 4501 1701 4556 uisi
1718 4503 1795 4571 prins
1817 4510 1846 4558 ct

1058 4600 1182 4662 speretur
1193 4599 1220 4646 et
1231 4591 1368 4646 credatur.
1386 4592 1437 4658 Qui
1452 4606 1516 4661 crgo
1533 4590 1617 4645 Deum
1632 4605 1704 4655 esse,
1715 4597 1742 4644 ct
1752 4592 1846 4651 omnia

1022 4685 1157 4756 piccisse
1176 4684 1272 4748 credit,
1301 4685 1347 4754 qui
1376 4690 1431 4736 taur
1453 4682 1623 4743 delectabilia
1646 4691 1674 4737 ct
1698 4680 1774 4736 utilia
1792 4681 1846 4743 sibl

1060 4777 1205 4833 mundanae
1229 4775 1434 4845 labriceeopcra
1459 4772 1601 4843 conspicit,
1627 4780 1654 4835 et
1678 4788 1710 4828 ca
1725 4773 1845 4844 gratuita

1058 4867 1209 4922 conditoris
1221 4867 1318 4935 pictate
1331 4881 1388 4922 suae
1406 4865 1563 4921 necessitati
1579 4871 1606 4920 et
1621 4863 1731 4922 utilitati
1742 4864 1845 4920 serviro

1058 4955 1209 5026 cognoscit,
1223 4953 1360 5022 quomodo
1380 4968 1442 5010 cum
1457 4968 1513 5008 non
1531 4952 1713 5013 totisamabit
1731 4952 1845 5015 visceri-

1057 5047 1121 5111 bus,
1137 5046 1216 5116 cnjus
1242 5052 1297 5099 tarn
1310 5045 1426 5100 amabile
1438 5053 1464 5100 et
1479 5053 1532 5099 tam
1558 5045 1624 5101 utile
1650 5044 1703 5108 sibi
1724 5043 1846 5098 intuetur

1058 5139 1146 5208 opos?
1156 5137 1298 5204 Quomodo
1308 5154 1370 5205 euna
1384 5152 1438 5203 nou
1450 5151 1542 5197 amare
1556 5142 1656 5218 potest,
1670 5136 1750 5206 cujus
1761 5150 1843 5205 opera

1058 5245 1113 5283 non
1125 5244 1217 5285 aurare
1231 5245 1287 5284 non
1302 5228 1515 5300 potestlSolent
1532 5229 1665 5293 nomines,
1682 5242 1745 5283 cum
1767 5227 1842 5290 utile,

1059 5319 1166 5403 ligurum
1181 5334 1213 5373 ac
1227 5309 1355 5375 decorum
1381 5320 1580 5392 artificioseque
1601 5318 1782 5388 compositum
1798 5316 1846 5372 bo·

1059 5410 1141 5464 minis
1154 5410 1246 5465 vident
1259 5425 1339 5481 opus,
1355 5411 1449 5465 mirari
1473 5420 1573 5475 artem,
1589 5407 1700 5464 laudare
1710 5415 1737 5462 ct
1750 5420 1844 5463 amaro

1058 5499 1201 5565 artiticem,
1213 5515 1274 5555 cum
1286 5508 1376 5557 tamen
1392 5501 1458 5556 nibil
1482 5501 1571 5556 lacere
1585 5499 1671 5571 possit
1682 5499 1774 5564 bomo,
1789 5498 1845 5557 nisi

1058 5604 1101 5665 ea,
1117 5607 1177 5661 qna
1199 5590 1313 5647 Creator
1333 5590 1408 5655 lacit,
1423 5591 1464 5645 rel
1485 5596 1610 5661 separata
1624 5589 1789 5660 coniungere
1801 5588 1845 5645 rel

1059 5682 1206 5752 conjuncta
1221 5696 1357 5751 separare.
1377 5680 1406 5738 st
1425 5697 1489 5756 ergo
1517 5688 1628 5752 propter
1651 5679 1788 5735 tantillum
1802 5678 1842 5748 id,

1058 5770 1226 5840 qrtodlacere
1236 5770 1463 5841 otralitereunque
1473 5770 1580 5833 videtur
1588 5769 1681 5834 horno,
1689 5767 1724 5823 ab
1733 5768 1844 5827 homino

1057 5868 1174 5927 amatur,
1202 5860 1354 5931 justissime
1381 5846 1504 5932 proiecto
1531 5858 1667 5914 amabitur
1686 5857 1770 5923 Deus,
1794 5858 1843 5929 qul

1060 5948 1293 6021 elegantissimum
1307 5958 1333 6007 et
1347 5949 1452 6006 iuimita
1464 5946 1642 6005 admiratione
1655 5945 1766 6021 dignum
1778 5946 1842 6005 ortl-
