4350 6709
356 551 410 610 955

973 540 1130 596 Anontttt
1151 537 1287 596 SAECULF
1306 538 1361 596 nn.

389 667 467 723 't'unc
481 664 526 722 itte
536 663 682 722 revortitur
696 663 729 718 ad
745 661 837 718 sedem
853 675 942 717 suant.
962 659 1062 715 ttcrurn
1074 659 1133 715 Au·
1148 668 1172 725 Α
1220 659 1298 714 Tunc
1313 655 1499 712 Antichristus
1514 674 1521 708 s

355 763 498 818 tichristus
512 759 605 830 dirigit
625 759 783 830 hypocritas
804 755 839 811 ad
854 770 945 827 regem
966 752 1136 808 Francorum

354 869 416 910 cum
429 852 590 908 muneribus
603 851 716 907 dicens:

426 942 490 997 huc
505 958 615 996 munera
628 942 682 1011 regi
694 938 858 994 Francorum
871 937 994 1007 offeretis,

425 1036 508 1103 Quem
519 1051 577 1089 cum
590 1034 647 1089 suis
660 1032 695 1087 ad
710 1050 757 1087 nos
770 1048 816 1103 per
826 1030 875 1085 illa
885 1027 1047 1084 convertetis.

409 1193 413 1208 ⁴
424 1126 462 1180 Hi
473 1136 564 1197 rtostro
581 1127 645 1180 ritui
657 1126 770 1195 [ormam
781 1124 946 1188 adinvenere,

425 1219 525 1275 Nostro
537 1218 658 1273 adventui
673 1219 742 1272 uiam
753 1232 942 1286 praeparavere.

425 1311 529 1366 Horum
543 1310 677 1366 subtilitas
692 1308 767 1365 uobis
782 1307 928 1363 elaborauit
1034 1367 1040 1377 ,

425 1401 559 1459 Turonum
570 1399 752 1466 conscendere,
760 1415 836 1470 guent
854 1395 936 1453 uirtus
947 1395 1091 1465 occupauit.

389 1493 467 1550 Tunc
488 1493 649 1566 hypocritae,
672 1491 792 1562 acceptis
807 1490 979 1553 muneribus,
993 1488 1096 1543 vadunt
1106 1487 1139 1541 ad

355 1601 447 1657 regem
457 1582 638 1648 Francorum,
651 1589 678 1638 ct
692 1589 797 1638 stantes
816 1595 909 1636 coram
923 1594 956 1635 eo
968 1584 1080 1633 cantant
1096 1595 1102 1631 :

390 1676 457 1741 tica,
483 1675 529 1729 tibi
545 1674 618 1729 salus
633 1674 678 1742 sit,
693 1680 747 1728 etc.
760 1670 889 1728 Ultimum
913 1669 1064 1726 clausulam
1087 1668 1141 1725 ista

355 1771 558 1821 commutantes
572 1783 580 1818 :

426 1855 478 1912 Sed
497 1856 529 1910 de
544 1856 583 1909 tui
596 1855 669 1926 regni
680 1862 766 1908 certus
780 1851 914 1907 deuotione

425 1946 552 2017 Rependit
565 1946 612 2000 tibi
626 1947 707 2000 uicem
718 1945 861 1999 uoluntatis
873 1943 958 1999 bonae.

1257 747 1450 805 Consummabo
1461 763 1517 802 uere
1530 755 1630 818 pentem
1645 746 1797 816 perditionis

1255 843 1310 899 Pro
1325 852 1399 897 tauto
1411 840 1538 895 scandalo
1555 841 1690 913 religionis

1259 931 1326 988 Fece
1339 931 1490 1003 superbiam
1503 931 1625 986 humanae
1636 933 1774 1001 potestatis

1258 1023 1351 1079 Ferret
1359 1025 1476 1093 potentia
1486 1023 1582 1077 atrine
1594 1023 1742 1094 majestatis
1754 1023 1765 1076 ἱ

1223 1117 1301 1174 Tune
1327 1117 1422 1191 dirigit
1445 1119 1568 1190 singulos
1589 1109 1700 1174 nuntios
1725 1116 1760 1172 ad
1778 1132 1857 1188 regns
1880 1115 1976 1173 dicens

1188 1211 1230 1270 eis
1247 1231 1254 1269 :

1259 1303 1300 1359 lte
1309 1311 1492 1374 congregantes
1508 1302 1648 1373 facultates
1660 1317 1799 1373 regnorum
1811 1285 1824 1307 ⁹

1259 1395 1416 1452 conculcent
1430 1396 1528 1466 impetu
1540 1394 1657 1465 furorem
1668 1393 1851 1463 superborum.

1226 1485 1322 1542 Nuntii
1332 1502 1397 1543 vcro
1410 1486 1552 1543 venientes
1566 1500 1659 1540 coram
1674 1485 1786 1553 regibus
1801 1493 1917 1542 cantant
1933 1508 1941 1544 s

1261 1579 1328 1635 Ecce
1342 1589 1431 1635 noster
1447 1579 1612 1636 [luminaret
1626 1577 1697 1632 Deus
1711 1577 1823 1633 deorum

1261 1671 1314 1726 Per
1328 1689 1375 1727 nos
1387 1673 1530 1727 exercitum
1543 1679 1667 1727 conuocat
1680 1687 1800 1737 suorum,

1262 1763 1297 1819 tn
1308 1780 1354 1834 per
1366 1765 1596 1821 eos'Feutonicum
1609 1763 1762 1820 condemnet
1776 1763 1909 1833 furorem.

1263 1856 1296 1910 ln
1308 1856 1376 1912 bello
1392 1865 1540 1928 martyrum
1555 1855 1719 1928 consignabit
1731 1873 1864 1912 cruorem.

1227 1945 1304 2002 Tunc
1320 1963 1399 2018 reges
1414 1949 1581 2003 conueniunt
1596 1955 1660 2004 ante
1673 1947 1804 2003 thronum
1837 1948 1982 2003 Antichri-

392 2038 542 2104 Functus,
559 2038 681 2108 acceptis
696 2037 869 2101 muneribus,
885 2042 977 2091 cantat
993 2055 999 2091 :
1016 2034 1140 2090 Libenter
1155 2015 1177 2074 Β
1191 2041 1237 2097 sti,
1252 2039 1357 2107 Quibus
1373 2041 1419 2097 itte
1435 2061 1442 2098 2

356 2129 475 2195 estribeo,
502 2136 556 2185 etc.
579 2127 612 2182 Et
633 2129 685 2184 hoc
704 2128 809 2184 iterans
823 2129 897 2184 renit
918 2127 952 2181 ad
965 2128 1141 2197 praesentiam

357 2220 530 2285 Antichristi,
556 2219 665 2275 ethera
688 2234 770 2290 genu,
789 2218 868 2275 otiert
885 2221 911 2275 ci
931 2231 1061 2275 coronam
1076 2235 1143 2275 can·

358 2325 420 2372 tans
436 2332 444 2370 r
460 2316 520 2371 Tibi
536 2317 671 2386 profiteor,
683 2326 738 2373 etc.
749 2314 944 2382 Antichristus,
958 2330 991 2370 co
1002 2322 1141 2384 suscepto,

357 2410 387 2464 in
399 2410 496 2467 osculo
508 2411 599 2481 signat
613 2423 677 2466 eusn
691 2419 718 2465 ct
734 2424 800 2467 suos
814 2407 1001 2473 intrantibus,
1015 2415 1042 2462 et
1056 2395 1144 2477 impo-

358 2518 427 2558 nens
453 2503 478 2559 ci
498 2517 629 2558 coronans
657 2507 777 2557 cantat:
801 2501 920 2573 Viueper
943 2501 1070 2572 pretium,
1086 2507 1141 2555 etc.

358 2593 550 2664 Tunc‘p'terum
574 2593 667 2666 dirigit
686 2592 842 2665 hypocritas
853 2593 888 2648 ad
900 2607 993 2663 regem
1013 2589 1144 2646 Teutoni·

359 2704 464 2752 corum,
480 2694 595 2743 cantans
611 2705 618 2742 ε

428 2777 569 2832 Excellens
580 2786 619 2832 est
634 2778 663 2833 in
677 2775 813 2847 armisius
826 2775 1038 2837 Teutonicorum

429 2871 505 2926 Sicut
521 2878 652 2925 testantur
662 2871 763 2941 esperti
776 2868 858 2925 robur
872 2884 973 2923 eorum.

429 2955 524 3026 Regem
535 2955 685 3012 muneribus
695 2965 735 3012 est
746 2973 810 3026 opus
821 2957 940 3027 mitigari
950 2976 957 3011 z

430 3044 479 3099 Est
491 3062 550 3100 cum
562 3046 712 3102 Teutonicis
724 3049 860 3101 incautum
870 3048 999 3116 preliari.

431 3135 470 3189 tn·
480 3152 567 3191 seeum
581 3138 759 3208 pugnantibus
769 3138 885 3208 pessima
900 3139 991 3208 pestis.

432 3228 489 3285 Hos
502 3231 576 3286 uobis
591 3232 712 3304 subiicite
721 3233 798 3291 donis
811 3236 836 3290 si
845 3237 966 3304 potestis.

397 3320 474 3377 Tunc
490 3323 650 3396 hypocritae,
672 3327 793 3397 acceptis
811 3329 985 3394 muneribus,
1001 3336 1145 3385 transeunt

361 3430 397 3468 sn
417 3430 506 3486 rogem
529 3423 673 3475 cantantes
693 3433 787 3474 coram
800 3435 834 3475 co
850 3439 857 3475 :
872 3418 929 3474 hes
944 3422 992 3476 tibi
1011 3421 1084 3476 salus
1099 3422 1144 3486 sit,

361 3511 427 3570 ctu,
443 3505 569 3560 ultimum
584 3522 693 3562 versum
707 3507 807 3564 iterum
822 3508 876 3564 isto
890 3518 1109 3568 commutantes:

431 3592 517 3649 Ethis
533 3602 556 3650 te
569 3594 701 3652 honorans
716 3599 866 3654 muneribus
881 3599 1014 3655 absentem

431 3686 554 3740 Ausucum
567 3704 670 3743 cernere
680 3688 812 3745 desiderat
822 3700 986 3761 presentem.

399 3776 476 3833 Tunc
491 3795 539 3835 rex
554 3779 768 3838 Teutonicomm
780 3791 873 3839 cantat
891 3803 897 3839 :

433 3869 586 3927 Fraudibus
600 3876 727 3928 versutias
743 3875 884 3946 compellor
892 3877 1015 3945 experiri,

433 3961 486 4017 Per
499 3979 565 4033 quas
581 3967 698 4035 nequitia
711 3967 778 4021 solet
792 3969 909 4024 mentiri.

433 4052 487 4108 Sub
502 4053 590 4126 [orma
605 4058 701 4112 ueritas
714 4059 819 4113 uirtutis
837 4068 970 4129 putatur:

435 4143 560 4199 Ostendet
572 4146 770 4219 salsitas,quod
785 4150 873 4219 [arma
888 4152 1040 4206 mentiatur.
1130 4141 1131 4144 ¹

433 4235 487 4292 Per
502 4255 546 4293 uos
559 4249 685 4309 corrupta
697 4249 736 4295 est
752 4241 817 4311 fides
834 4241 1060 4308 Christianorum,

433 4329 487 4384 Per
504 4348 544 4384 sne
555 4340 703 4387 conteretur
716 4350 823 4404 regnunt
835 4335 1032 4392 sirrsnlatorum.

435 4420 521 4476 Plena
533 4432 594 4477 sunl
607 4424 748 4494 fraudibus
764 4444 873 4482 munera
885 4428 1040 4500 deceptoris,

434 4510 469 4566 ln
482 4530 546 4586 quos
558 4526 661 4569 corruet
673 4532 720 4584 per
730 4518 847 4589 gladium
864 4520 971 4585 ultoris,

434 4604 527 4659 Secum
536 4607 690 4676 pecuniasit
704 4609 730 4663 in
744 4609 926 4679 perditionem,

353 4721 354 4724 ¹
434 4694 544 4752 Grauem
553 4699 654 4770 injuria
667 4711 798 4770 exspectat
807 4704 943 4758 ultionem.

364 4896 423 4937 ram
438 4880 608 4938 Antichristo
623 4891 754 4938 cantant:

438 4969 460 5024 0
473 4973 546 5041 repni
557 4972 653 5043 pluria,
668 4984 746 5044 caput
759 4976 838 5031 totius
851 4977 953 5044 mnndi,

437 5060 544 5130 Offertsa
563 5066 650 5134 aspice
658 5067 748 5135 populi
762 5066 911 5137 furibundi.

437 5157 513 5214 Certe
522 5160 677 5228 pradictum
691 5173 730 5218 cst
743 5180 789 5233 per
799 5164 878 5236 fidem
893 5167 1078 5225 ontiauorum:

438 5250 515 5318 Quod
527 5263 554 5307 tu
568 5255 691 5322 subjicies
706 5259 816 5312 ceruices
828 5258 1007 5328 superborum.

437 5342 467 5399 Si
479 5345 575 5400 uirtute
587 5355 632 5401 tua
645 5356 714 5404 totus
726 5349 797 5406 orbis
808 5350 940 5419 subsistit,

439 5435 534 5502 Quasi
547 5438 749 5496 Teutonicorum
760 5442 836 5513 {uror
852 5443 899 5497 tibi
909 5445 1029 5501 resistit?

441 5525 529 5597 igitur
543 5537 615 5584 tuam
629 5530 771 5588 Germania
784 5534 948 5605 blasphemat
961 5536 1098 5603 ditionem,

441 5617 553 5676 Extollit
565 5639 665 5679 cornua
675 5634 768 5680 contra
778 5627 941 5699 relipionem·

440 5711 547 5783 Respice
561 5726 679 5772 nostram
693 5719 872 5788 contusionem

441 5801 476 5857 ln
489 5821 520 5859 ea
527 5805 621 5876 judica
636 5817 708 5863 tuum
720 5810 900 5879 offensionem.

446 5895 529 5950 Tuam
541 5901 683 5968 potentiam
693 5901 793 5973 injuria
808 5910 928 5968 testatur,

444 5985 526 6053 Cujus
541 5989 675 6059 imperinm
696 5993 801 6048 ruinam
813 5993 941 6050 minatur.

1262 2131 1533 2197 consummabouere,
1547 2138 1599 2188 etc.

1263 2221 1464 2278 lte-Germanic
1480 2223 1604 2279 terminos
1618 2221 1758 2287 insudetis,

1264 2313 1412 2383 Superbum
1427 2314 1551 2383 populum
1567 2330 1626 2369 curn
1642 2330 1701 2384 rege
1713 2313 1865 2369 conteretis.

1230 2407 1308 2464 'tunc
1325 2422 1421 2463 omncs
1432 2413 1566 2462 cantant:

1263 2500 1335 2555 Deus
1346 2498 1481 2554 nobiscum
1494 2508 1544 2564 sst,
1557 2515 1621 2570 quos
1633 2507 1721 2554 tuetur
1739 2505 1877 2568 potenter,

1265 2592 1319 2649 Pro
1333 2592 1385 2664 pide
1403 2593 1484 2662 igitur
1495 2607 1638 2662 pugnemus
1653 2589 1824 2662 confidenter.

1230 2686 1263 2741 Et
1277 2686 1455 2755 disponentes
1470 2686 1545 2740 acies
1557 2700 1623 2742 suas
1642 2684 1671 2739 in
1685 2699 1834 2740 occursum
1845 2683 1981 2741 Teutoni·

1195 2793 1291 2834 corum
1308 2775 1523 2848 congrediuntur
1534 2792 1597 2832 cum
1613 2777 1664 2843 eis,
1678 2783 1704 2832 et
1717 2785 1865 2846 superatur
1878 2778 1980 2834 exerci-

1194 2877 1239 2926 tus
1258 2869 1418 2926 Antichisti.
1428 2867 1507 2925 'tunc
1521 2885 1570 2925 rex
1585 2868 1799 2925 Teutonicorum
1813 2871 1936 2936 rediens,
1952 2876 1978 2924 ct

1195 2961 1294 3017 sedens
1307 2961 1336 3015 in
1346 2961 1446 3016 throno
1460 2977 1510 3016 suo
1524 2968 1618 3016 cantat
1632 2980 1639 3016 s

1264 3051 1398 3122 Sanguine
1411 3052 1507 3120 patriae
1520 3051 1604 3106 honor
1616 3060 1655 3106 est
1670 3051 1840 3109 retinendus:

1268 3140 1370 3195 Virtute
1383 3141 1479 3210 patric
1495 3149 1534 3195 est
1548 3140 1632 3196 hostis
1644 3141 1811 3212 expellendus

1264 3230 1316 3286 lus
1326 3231 1388 3287 dolo
1401 3231 1533 3302 perditum
1544 3240 1583 3287 est
1597 3234 1724 3304 sauguine
1737 3235 1828 3290 uenale

1266 3323 1311 3378 Sic
1325 3322 1493 3377 retinebimus
1510 3322 1589 3376 decus
1607 3323 1755 3392 imperiale.

1231 3415 1310 3471 Tunc
1324 3415 1474 3488 hypocritae
1489 3413 1629 3470 adducunt
1647 3415 1777 3470 claudum
1791 3431 1887 3471 coraus
1903 3418 1980 3472 Anti·

1198 3509 1313 3566 christo.
1327 3511 1386 3576 Quo
1395 3516 1503 3573 sanato,
1514 3524 1562 3564 rex
1577 3508 1789 3579 Teutonicorum
1803 3509 1939 3566 haesitahit
1954 3513 1979 3566 in

1197 3603 1259 3658 tide.
1272 3600 1350 3656 Tunc
1361 3605 1460 3656 iterum
1470 3602 1609 3657 adducunt
1622 3603 1769 3673 leprosum,
1781 3603 1862 3658 ctitto
1875 3611 1979 3667 sanato,

1197 3711 1245 3750 res
1259 3695 1321 3764 plus
1333 3694 1479 3752 dubitabit.
1489 3693 1531 3749 Ad
1541 3695 1665 3750 ultimum
1681 3695 1830 3766 important
1842 3697 1979 3762 teretrum,

1198 3785 1226 3840 in
1245 3800 1299 3858 quo
1309 3786 1418 3863 jacebat
1434 3785 1546 3857 quidam
1562 3786 1697 3842 simulans
1711 3801 1741 3842 se
1756 3786 1785 3840 in
1799 3786 1897 3857 praetio
1909 3788 1982 3842 occi·

1199 3895 1270 3935 sum.
1281 3877 1362 3935 lubet
1377 3880 1468 3949 itaque
1486 3878 1683 3943 Antichristus,
1699 3887 1729 3933 ut
1744 3887 1853 3951 surgat,
1869 3880 1961 3937 dicens
1971 3899 1986 3940 s.

1269 3971 1352 4041 Sipna
1365 3985 1465 4040 semper
1475 3977 1596 4040 quarunt
1610 3971 1688 4025 rudes
1702 3979 1727 4025 et
1742 3971 1876 4041 infideles.

1269 4061 1363 4132 Surge,
1376 4077 1453 4132 surge
1462 4061 1593 4127 uelociter,
1608 4063 1666 4133 quis
1677 4064 1727 4116 sim
1740 4079 1798 4134 ego,
1815 4065 1922 4120 repetes.

1234 4152 1312 4208 'tunc
1325 4155 1371 4209 itte
1385 4155 1419 4208 de
1431 4152 1533 4209 feretro
1549 4161 1642 4209 cantat
1658 4174 1665 4209 :

1270 4246 1309 4300 Fu
1323 4247 1452 4315 snpientia
1467 4262 1587 4313 superna
1598 4247 1726 4310 ueritatis,

1276 4337 1363 4391 Virtus
1389 4339 1486 4392 inuicta
1499 4356 1526 4393 es
1539 4337 1634 4392 diuinae
1647 4338 1806 4408 majestatis.

1234 4429 1266 4482 ht
1281 4429 1430 4501 hypocrita
1443 4445 1536 4487 secum
1561 4438 1673 4486 cantant
1688 4449 1695 4486 :
1712 4430 1753 4484 Tu
1772 4431 1915 4498 sapientia,
1928 4439 1981 4489 etc.

1199 4519 1276 4575 'tunc
1301 4521 1348 4578 rc'x
1369 4520 1583 4577 'teutonicorum
1601 4521 1697 4577 videns
1719 4521 1798 4593 signa
1822 4509 1966 4578 scdu'citur

1199 4611 1293 4668 dicens
1308 4631 1314 4666 :

1163 4721 1186 4778 Ι)
1270 4704 1370 4760 Nostro
1386 4722 1433 4759 nos
1450 4705 1548 4774 impetu
1562 4719 1663 4776 semper
1676 4703 1880 4775 periclitantur:

400 4788 477 4844 Tunc
490 4789 639 4861 hypocritas
657 4793 766 4849 contusi
785 4792 911 4860 redeunt,
927 4801 954 4850 et
977 4802 1080 4852 stantes
1101 4810 1148 4850 co·
1193 4819 1195 4823 ¹

1270 4797 1401 4853 Aduersus
1412 4797 1555 4852 [lominum
1568 4799 1670 4853 incauti
1683 4796 1851 4866 praeliamur.

1271 4889 1304 4946 In
1318 4890 1396 4961 hujus
1410 4891 1514 4945 nomine
1525 4891 1622 4945 mortui
1633 4890 1808 4955 suscitantur,

1270 4979 1305 5034 Et
1314 4979 1404 5034 claudi
1416 4979 1565 5046 ambulant,
1581 4980 1675 5050 leprosi
1685 4978 1859 5045 mandantur,

1271 5069 1351 5126 Illius
1361 5073 1443 5143 igitur
1455 5073 1568 5144 pluriam
1581 5090 1740 5130 ueneremur.

1235 5159 1313 5216 Func
1326 5177 1375 5216 rex
1391 5162 1515 5218 ascendit
1532 5163 1567 5217 ast
1581 5162 1791 5228 Antichristum,
1802 5169 1830 5218 et
1842 5161 1897 5218 hoc
1913 5163 1983 5219 idem

1200 5260 1303 5308 cantat.
1325 5253 1395 5310 (ium
1420 5266 1510 5310 autem
1535 5257 1641 5311 venerit
1656 5269 1750 5310 coram
1765 5268 1809 5321 eo,
1830 5253 1903 5312 flexo
1916 5270 1984 5328 genu

1124 5374 1128 5383 ·
1200 5344 1278 5401 otiert
1305 5346 1331 5401 ei
1359 5360 1489 5401 coronam
1513 5354 1657 5402 cantans:
1685 5344 1745 5401 Fibi
1771 5347 1911 5418 profiteor,
1931 5356 1982 5404 etc.

1201 5436 1278 5492 Tunc
1293 5437 1480 5493 Antichristus
1496 5438 1608 5508 signans
1622 5453 1696 5504 curn,
1712 5446 1751 5496 et·
1761 5455 1828 5495 suos
1843 5439 1873 5494 in
1888 5440 1983 5496 tronti·

1201 5530 1284 5597 tihus,
1307 5537 1334 5586 et
1358 5530 1503 5600 imponens
1524 5530 1549 5585 ei
1565 5544 1697 5585 coronam
1721 5539 1837 5586 cantat:
1859 5528 1921 5586 Viae
1941 5546 1984 5600 per

1201 5622 1326 5691 gratiam,
1344 5629 1397 5678 etc.
1414 5620 1491 5677 'ltine
1504 5621 1651 5678 committit
1665 5621 1718 5678 sihi
1733 5622 1936 5693 expeditionem
1950 5622 1985 5677 ad

1201 5722 1304 5785 gentes,
1321 5715 1414 5771 dicens
1430 5702 1447 5771 :v

1277 5806 1354 5861 Vobis
1370 5806 1545 5875 credentibus,
1559 5809 1735 5864 convertimur
1748 5807 1782 5861 ad
1795 5816 1898 5877 pentes.

1239 5900 1270 5956 Fr
1281 5900 1345 5955 dato
1360 5901 1412 5955 sibi
1429 5901 1518 5972 gtndio
1532 5908 1625 5957 cantat
1641 5921 1647 5957 :

1274 5991 1325 6047 Per·
1339 6002 1362 6047 te
1376 5991 1536 6062 disponimus
1551 5995 1598 6050 tsas
1613 5994 1671 6065 fieri
1682 5991 1826 6053 credentes.
