<?xml version="1.0" encoding="UTF-8"?>
<!DOCTYPE html PUBLIC "-//W3C//DTD XHTML 1.0 Transitional//EN"
    "http://www.w3.org/TR/xhtml1/DTD/xhtml1-transitional.dtd">
<html xmlns="http://www.w3.org/1999/xhtml" xml:lang="en" lang="en">
 <head>
  <title>
</title>
<meta http-equiv="Content-Type" content="text/html;charset=utf-8" />
  <meta name='ocr-system' content='tesseract 3.04.00' />
  <meta name='ocr-capabilities' content='ocr_page ocr_carea ocr_par ocr_line ocrx_word'/>
</head>
<body>
  <div class='ocr_page' id='page_1' title='image "./patrologiaecurs78unkngoog/patrologiaecurs78unkngoog_0226.png"; bbox 0 0 4350 6709; ppageno 0'>
   <div class='ocr_carea' id='block_1_1' title="bbox 281 560 1904 621">
    <p class='ocr_par' dir='ltr' id='par_1_1' title="bbox 281 560 1904 621">
     <span class='ocr_line' id='line_1_1' title="bbox 281 560 1904 621; baseline -0.003 0"><span class='ocrx_word' id='word_1_1' title='bbox 281 564 336 621; x_wconf 68' lang='lat' dir='ltr'><strong>halb</strong></span> <span class='ocrx_word' id='word_1_2' title='bbox 814 561 951 619; x_wconf 79' lang='lat' dir='ltr'><strong>sicanus</strong></span> <span class='ocrx_word' id='word_1_3' title='bbox 968 560 1215 620; x_wconf 77' lang='lat' dir='ltr'><strong>cnsnuneh&#39;sts</strong></span> <span class='ocrx_word' id='word_1_4' title='bbox 1233 560 1387 618; x_wconf 78' lang='lat' dir='ltr'><strong>ertscurt</strong></span> <span class='ocrx_word' id='word_1_5' title='bbox 1850 560 1904 617; x_wconf 72' lang='grc'><strong>400</strong></span> 
     </span>
    </p>
   </div>
   <div class='ocr_carea' id='block_1_2' title="bbox 274 673 1905 2229">
    <p class='ocr_par' dir='ltr' id='par_1_2' title="bbox 277 673 1905 1117">
     <span class='ocr_line' id='line_1_2' title="bbox 284 673 1905 751; baseline -0.001 -17"><span class='ocrx_word' id='word_1_6' title='bbox 284 678 395 745; x_wconf 89' lang='lat' dir='ltr'><strong>dicitur,</strong></span> <span class='ocrx_word' id='word_1_7' title='bbox 411 678 484 751; x_wconf 89' lang='lat' dir='ltr'><strong>qnod</strong></span> <span class='ocrx_word' id='word_1_8' title='bbox 497 675 544 747; x_wconf 84' lang='lat' dir='ltr'><strong>qui</strong></span> <span class='ocrx_word' id='word_1_9' title='bbox 559 674 650 732; x_wconf 87' lang='lat' dir='ltr'><strong>fuerat</strong></span> <span class='ocrx_word' id='word_1_10' title='bbox 673 675 701 730; x_wconf 89' lang='lat' dir='ltr'><strong>ia</strong></span> <span class='ocrx_word' id='word_1_11' title='bbox 716 675 818 746; x_wconf 80' lang='lat' dir='ltr'><strong>praeliis</strong></span> <span class='ocrx_word' id='word_1_12' title='bbox 831 674 1068 732; x_wconf 70' lang='lat' dir='ltr'><strong>fortunatissimus</strong></span> <span class='ocrx_word' id='word_1_13' title='bbox 1081 678 1105 735; x_wconf 88' lang='lat' dir='ltr'><strong>A</strong></span> <span class='ocrx_word' id='word_1_14' title='bbox 1118 691 1165 733; x_wconf 86' lang='lat' dir='ltr'><strong>sar</strong></span> <span class='ocrx_word' id='word_1_15' title='bbox 1185 675 1373 746; x_wconf 88' lang='lat' dir='ltr'><strong>pontihcuturn</strong></span> <span class='ocrx_word' id='word_1_16' title='bbox 1388 675 1561 730; x_wconf 87' lang='lat' dir='ltr'><strong>condrnrarit</strong></span> <span class='ocrx_word' id='word_1_17' title='bbox 1574 673 1703 730; x_wconf 88' lang='lat' dir='ltr'><strong>ffircauo.</strong></span> <span class='ocrx_word' id='word_1_18' title='bbox 1717 675 1792 731; x_wconf 83' lang='lat' dir='ltr'><strong>l&#39;eeit</strong></span> <span class='ocrx_word' id='word_1_19' title='bbox 1807 673 1905 733; x_wconf 83' lang='lat' dir='ltr'><strong>illrua·</strong></span> 
     </span>
     <span class='ocr_line' id='line_1_3' title="bbox 280 766 1903 843; baseline -0.001 -17"><span class='ocrx_word' id='word_1_20' title='bbox 280 772 367 843; x_wconf 88' lang='lat' dir='ltr'><strong>prius,</strong></span> <span class='ocrx_word' id='word_1_21' title='bbox 382 778 444 841; x_wconf 87' lang='lat' dir='ltr'><strong>post</strong></span> <span class='ocrx_word' id='word_1_22' title='bbox 459 769 516 824; x_wconf 76' lang='lat' dir='ltr'><strong>baec</strong></span> <span class='ocrx_word' id='word_1_23' title='bbox 527 767 580 824; x_wconf 92' lang='lat' dir='ltr'><strong>fuit</strong></span> <span class='ocrx_word' id='word_1_24' title='bbox 594 766 793 825; x_wconf 75' lang='lat' dir='ltr'><strong>infortunatus.</strong></span> <span class='ocrx_word' id='word_1_25' title='bbox 811 767 958 839; x_wconf 88' lang='lat' dir='ltr'><strong>Pompeius</strong></span> <span class='ocrx_word' id='word_1_26' title='bbox 976 769 1069 838; x_wconf 72' lang='lat' dir='ltr'><strong>itaquo</strong></span> <span class='ocrx_word' id='word_1_27' title='bbox 1120 782 1186 823; x_wconf 92' lang='lat' dir='ltr'><strong>num</strong></span> <span class='ocrx_word' id='word_1_28' title='bbox 1199 781 1291 839; x_wconf 86' lang='lat' dir='ltr'><strong>regem</strong></span> <span class='ocrx_word' id='word_1_29' title='bbox 1305 775 1333 822; x_wconf 93' lang='lat' dir='ltr'><strong>et</strong></span> <span class='ocrx_word' id='word_1_30' title='bbox 1356 767 1531 836; x_wconf 76' lang='lat' dir='ltr'><strong>Antipatrum</strong></span> <span class='ocrx_word' id='word_1_31' title='bbox 1543 766 1664 838; x_wconf 76' lang='lat' dir='ltr'><strong>judicem</strong></span> <span class='ocrx_word' id='word_1_32' title='bbox 1684 775 1903 838; x_wconf 80' lang='lat' dir='ltr'><strong>procuratorem.</strong></span> 
     </span>
     <span class='ocr_line' id='line_1_4' title="bbox 280 858 1902 935; baseline 0.002 -18"><span class='ocrx_word' id='word_1_33' title='bbox 280 861 478 933; x_wconf 79' lang='lat' dir='ltr'><strong>Hierosolymis</strong></span> <span class='ocrx_word' id='word_1_34' title='bbox 493 860 626 917; x_wconf 89' lang='lat' dir='ltr'><strong>tributum</strong></span> <span class='ocrx_word' id='word_1_35' title='bbox 640 860 781 930; x_wconf 85' lang='lat' dir='ltr'><strong>imposuit,</strong></span> <span class='ocrx_word' id='word_1_36' title='bbox 792 858 940 916; x_wconf 87' lang='lat' dir='ltr'><strong>fiircanurn</strong></span> <span class='ocrx_word' id='word_1_37' title='bbox 957 861 1069 931; x_wconf 88' lang='lat' dir='ltr'><strong>pontill-</strong></span> <span class='ocrx_word' id='word_1_38' title='bbox 1117 862 1296 920; x_wconf 89' lang='lat' dir='ltr'><strong>Postmodum</strong></span> <span class='ocrx_word' id='word_1_39' title='bbox 1322 865 1350 920; x_wconf 91' lang='lat' dir='ltr'><strong>fn</strong></span> <span class='ocrx_word' id='word_1_40' title='bbox 1375 861 1528 930; x_wconf 76' lang='lat' dir='ltr'><strong>Thessalia,</strong></span> <span class='ocrx_word' id='word_1_41' title='bbox 1556 860 1660 930; x_wconf 83' lang='lat' dir='ltr'><strong>Africa,</strong></span> <span class='ocrx_word' id='word_1_42' title='bbox 1686 860 1816 935; x_wconf 89' lang='lat' dir='ltr'><strong>illspauia</strong></span> <span class='ocrx_word' id='word_1_43' title='bbox 1838 880 1902 921; x_wconf 88' lang='lat' dir='ltr'><strong>cum</strong></span> 
     </span>
     <span class='ocr_line' id='line_1_5' title="bbox 277 950 1905 1025; baseline 0 -15"><span class='ocrx_word' id='word_1_44' title='bbox 277 970 340 1010; x_wconf 81' lang='lat' dir='ltr'><strong>cem</strong></span> <span class='ocrx_word' id='word_1_45' title='bbox 355 954 536 1016; x_wconf 84' lang='lat' dir='ltr'><strong>conhrtnarit,</strong></span> <span class='ocrx_word' id='word_1_46' title='bbox 551 953 737 1009; x_wconf 86' lang='lat' dir='ltr'><strong>Aristobuluur</strong></span> <span class='ocrx_word' id='word_1_47' title='bbox 745 953 903 1023; x_wconf 79' lang='lat' dir='ltr'><strong>captivarit,</strong></span> <span class='ocrx_word' id='word_1_48' title='bbox 918 963 947 1010; x_wconf 90' lang='lat' dir='ltr'><strong>et</strong></span> <span class='ocrx_word' id='word_1_49' title='bbox 958 950 1068 1010; x_wconf 86' lang='lat' dir='ltr'><strong>rediens</strong></span> <span class='ocrx_word' id='word_1_50' title='bbox 1117 952 1240 1025; x_wconf 87' lang='lat' dir='ltr'><strong>Pompeii</strong></span> <span class='ocrx_word' id='word_1_51' title='bbox 1257 952 1411 1010; x_wconf 73' lang='lat' dir='ltr'><strong>fautoribus</strong></span> <span class='ocrx_word' id='word_1_52' title='bbox 1433 954 1467 1009; x_wconf 91' lang='lat' dir='ltr'><strong>dc</strong></span> <span class='ocrx_word' id='word_1_53' title='bbox 1490 953 1618 1008; x_wconf 87' lang='lat' dir='ltr'><strong>omuibus</strong></span> <span class='ocrx_word' id='word_1_54' title='bbox 1642 952 1829 1024; x_wconf 84' lang='lat' dir='ltr'><strong>triumpharit.</strong></span> <span class='ocrx_word' id='word_1_55' title='bbox 1847 951 1905 1010; x_wconf 83' lang='lat' dir='ltr'><strong>Ro-</strong></span> 
     </span>
     <span class='ocr_line' id='line_1_6' title="bbox 280 1042 1779 1117; baseline 0 -18"><span class='ocrx_word' id='word_1_56' title='bbox 280 1044 409 1111; x_wconf 83' lang='lat' dir='ltr'><strong>Romam,</strong></span> <span class='ocrx_word' id='word_1_57' title='bbox 424 1045 510 1117; x_wconf 74' lang='lat' dir='ltr'><strong>Syriae</strong></span> <span class='ocrx_word' id='word_1_58' title='bbox 520 1043 785 1100; x_wconf 87' lang='lat' dir='ltr'><strong>administrationem</strong></span> <span class='ocrx_word' id='word_1_59' title='bbox 799 1055 827 1099; x_wconf 89' lang='lat' dir='ltr'><strong>et</strong></span> <span class='ocrx_word' id='word_1_60' title='bbox 847 1042 948 1100; x_wconf 76' lang='lat' dir='ltr'><strong>tudae</strong></span> <span class='ocrx_word' id='word_1_61' title='bbox 963 1043 1068 1101; x_wconf 66' lang='lat' dir='ltr'><strong>&amp;auro</strong></span> <span class='ocrx_word' id='word_1_62' title='bbox 1118 1062 1190 1101; x_wconf 86' lang='lat' dir='ltr'><strong>maur</strong></span> <span class='ocrx_word' id='word_1_63' title='bbox 1214 1044 1323 1101; x_wconf 88' lang='lat' dir='ltr'><strong>rediens</strong></span> <span class='ocrx_word' id='word_1_64' title='bbox 1337 1043 1476 1115; x_wconf 84' lang='lat' dir='ltr'><strong>singulare</strong></span> <span class='ocrx_word' id='word_1_65' title='bbox 1491 1044 1635 1114; x_wconf 88' lang='lat' dir='ltr'><strong>imperium</strong></span> <span class='ocrx_word' id='word_1_66' title='bbox 1651 1043 1779 1099; x_wconf 87' lang='lat' dir='ltr'><strong>obtinuit.</strong></span> 
     </span>
    </p>

    <p class='ocr_par' dir='ltr' id='par_1_3' title="bbox 274 1122 1905 2229">
     <span class='ocr_line' id='line_1_7' title="bbox 277 1122 1902 1210; baseline 0.002 -19"><span class='ocrx_word' id='word_1_67' title='bbox 277 1134 429 1191; x_wconf 79' lang='lat' dir='ltr'><strong>commisit.</strong></span> <span class='ocrx_word' id='word_1_68' title='bbox 451 1134 501 1191; x_wconf 87' lang='lat' dir='ltr'><strong>liic</strong></span> <span class='ocrx_word' id='word_1_69' title='bbox 526 1145 578 1201; x_wconf 88' lang='lat' dir='ltr'><strong>est,</strong></span> <span class='ocrx_word' id='word_1_70' title='bbox 593 1137 640 1205; x_wconf 81' lang='lat' dir='ltr'><strong>qni</strong></span> <span class='ocrx_word' id='word_1_71' title='bbox 656 1134 827 1205; x_wconf 83' lang='lat' dir='ltr'><strong>Hispaniam,</strong></span> <span class='ocrx_word' id='word_1_72' title='bbox 849 1136 1005 1204; x_wconf 79' lang='lat' dir='ltr'><strong>Albaniam,</strong></span> <span class='ocrx_word' id='word_1_73' title='bbox 1020 1136 1069 1190; x_wconf 89' lang='lat' dir='ltr'><strong>Ar·</strong></span> <span class='ocrx_word' id='word_1_74' title='bbox 1118 1138 1157 1192; x_wconf 84' lang='lat' dir='ltr'><strong>De</strong></span> <span class='ocrx_word' id='word_1_75' title='bbox 1170 1122 1245 1192; x_wconf 66' lang='lat' dir='ltr'><strong>iulio</strong></span> <span class='ocrx_word' id='word_1_76' title='bbox 1263 1125 1379 1205; x_wconf 74' lang='lat' dir='ltr'><strong>Cerere,</strong></span> <span class='ocrx_word' id='word_1_77' title='bbox 1397 1147 1422 1192; x_wconf 90' lang='lat' dir='ltr'><strong>et</strong></span> <span class='ocrx_word' id='word_1_78' title='bbox 1437 1138 1470 1192; x_wconf 88' lang='lat' dir='ltr'><strong>de</strong></span> <span class='ocrx_word' id='word_1_79' title='bbox 1484 1137 1541 1207; x_wconf 79' lang='lat' dir='ltr'><strong>ejus</strong></span> <span class='ocrx_word' id='word_1_80' title='bbox 1551 1139 1641 1209; x_wconf 83' lang='lat' dir='ltr'><strong>gestis,</strong></span> <span class='ocrx_word' id='word_1_81' title='bbox 1655 1147 1680 1192; x_wconf 83' lang='lat' dir='ltr'><strong>et</strong></span> <span class='ocrx_word' id='word_1_82' title='bbox 1695 1137 1727 1192; x_wconf 88' lang='lat' dir='ltr'><strong>de</strong></span> <span class='ocrx_word' id='word_1_83' title='bbox 1740 1147 1822 1193; x_wconf 82' lang='lat' dir='ltr'><strong>nrorte</strong></span> <span class='ocrx_word' id='word_1_84' title='bbox 1832 1138 1902 1210; x_wconf 75' lang='lat' dir='ltr'><strong>ejus.</strong></span> 
     </span>
     <span class='ocr_line' id='line_1_8' title="bbox 279 1225 1903 1302; baseline 0.003 -22"><span class='ocrx_word' id='word_1_85' title='bbox 279 1227 410 1292; x_wconf 87' lang='lat' dir='ltr'><strong>tnerriam,</strong></span> <span class='ocrx_word' id='word_1_86' title='bbox 426 1225 530 1295; x_wconf 88' lang='lat' dir='ltr'><strong>Asiam,</strong></span> <span class='ocrx_word' id='word_1_87' title='bbox 545 1226 663 1299; x_wconf 82' lang='lat' dir='ltr'><strong>Syriam,</strong></span> <span class='ocrx_word' id='word_1_88' title='bbox 679 1227 861 1293; x_wconf 87' lang='lat' dir='ltr'><strong>Lusitaniam,</strong></span> <span class='ocrx_word' id='word_1_89' title='bbox 878 1229 994 1295; x_wconf 86' lang='lat' dir='ltr'><strong>Piratas,</strong></span> <span class='ocrx_word' id='word_1_90' title='bbox 1016 1229 1069 1284; x_wconf 82' lang='lat' dir='ltr'><strong>att·</strong></span> <span class='ocrx_word' id='word_1_91' title='bbox 1151 1229 1242 1286; x_wconf 82' lang='lat' dir='ltr'><strong>totins</strong></span> <span class='ocrx_word' id='word_1_92' title='bbox 1264 1229 1357 1286; x_wconf 80' lang='lat' dir='ltr'><strong>Caesar</strong></span> <span class='ocrx_word' id='word_1_93' title='bbox 1378 1229 1501 1302; x_wconf 84' lang='lat' dir='ltr'><strong>regnarit</strong></span> <span class='ocrx_word' id='word_1_94' title='bbox 1519 1230 1590 1301; x_wconf 92' lang='lat' dir='ltr'><strong>apud</strong></span> <span class='ocrx_word' id='word_1_95' title='bbox 1608 1228 1750 1286; x_wconf 82' lang='lat' dir='ltr'><strong>Romanos</strong></span> <span class='ocrx_word' id='word_1_96' title='bbox 1768 1230 1849 1287; x_wconf 90' lang='lat' dir='ltr'><strong>annis</strong></span> <span class='ocrx_word' id='word_1_97' title='bbox 1864 1247 1903 1293; x_wconf 87' lang='lat' dir='ltr'><strong>tr,</strong></span> 
     </span>
     <span class='ocr_line' id='line_1_9' title="bbox 277 1319 1905 1395; baseline 0.002 -21"><span class='ocrx_word' id='word_1_98' title='bbox 277 1320 424 1375; x_wconf 89' lang='lat' dir='ltr'><strong>thridatem</strong></span> <span class='ocrx_word' id='word_1_99' title='bbox 440 1319 599 1375; x_wconf 81' lang='lat' dir='ltr'><strong>etJudaeam</strong></span> <span class='ocrx_word' id='word_1_100' title='bbox 612 1321 778 1393; x_wconf 85' lang='lat' dir='ltr'><strong>subjugavit,</strong></span> <span class='ocrx_word' id='word_1_101' title='bbox 794 1322 903 1379; x_wconf 89' lang='lat' dir='ltr'><strong>undeet</strong></span> <span class='ocrx_word' id='word_1_102' title='bbox 918 1325 1068 1395; x_wconf 86' lang='lat' dir='ltr'><strong>imperator</strong></span> <span class='ocrx_word' id='word_1_103' title='bbox 1117 1324 1261 1381; x_wconf 87' lang='lat' dir='ltr'><strong>mensibus</strong></span> <span class='ocrx_word' id='word_1_104' title='bbox 1280 1338 1329 1377; x_wconf 83' lang='grc' dir='ltr'>ιιι.</span> <span class='ocrx_word' id='word_1_105' title='bbox 1344 1321 1446 1380; x_wconf 75' lang='lat' dir='ltr'><strong>fuerat</strong></span> <span class='ocrx_word' id='word_1_106' title='bbox 1466 1331 1529 1376; x_wconf 84' lang='lat' dir='ltr'><strong>ante</strong></span> <span class='ocrx_word' id='word_1_107' title='bbox 1549 1321 1642 1377; x_wconf 76' lang='lat' dir='ltr'><strong>homae</strong></span> <span class='ocrx_word' id='word_1_108' title='bbox 1664 1321 1826 1392; x_wconf 87' lang='lat' dir='ltr'><strong>imperatum</strong></span> <span class='ocrx_word' id='word_1_109' title='bbox 1850 1323 1905 1378; x_wconf 91' lang='lat' dir='ltr'><strong>sub</strong></span> 
     </span>
     <span class='ocr_line' id='line_1_10' title="bbox 276 1409 1905 1489; baseline 0.006 -26"><span class='ocrx_word' id='word_1_110' title='bbox 276 1418 320 1464; x_wconf 87' lang='lat' dir='ltr'><strong>est</strong></span> <span class='ocrx_word' id='word_1_111' title='bbox 334 1411 497 1481; x_wconf 86' lang='lat' dir='ltr'><strong>appellatus.</strong></span> <span class='ocrx_word' id='word_1_112' title='bbox 516 1409 607 1468; x_wconf 89' lang='lat' dir='ltr'><strong>Sedet</strong></span> <span class='ocrx_word' id='word_1_113' title='bbox 623 1411 740 1468; x_wconf 80' lang='lat' dir='ltr'><strong>Catilina</strong></span> <span class='ocrx_word' id='word_1_114' title='bbox 754 1423 849 1469; x_wconf 86' lang='lat' dir='ltr'><strong>contra</strong></span> <span class='ocrx_word' id='word_1_115' title='bbox 862 1413 979 1484; x_wconf 88' lang='lat' dir='ltr'><strong>patriam</strong></span> <span class='ocrx_word' id='word_1_116' title='bbox 997 1429 1065 1469; x_wconf 90' lang='lat' dir='ltr'><strong>enn-</strong></span> <span class='ocrx_word' id='word_1_117' title='bbox 1117 1427 1220 1489; x_wconf 87' lang='lat' dir='ltr'><strong>septem</strong></span> <span class='ocrx_word' id='word_1_118' title='bbox 1232 1417 1343 1489; x_wconf 85' lang='lat' dir='ltr'><strong>regibus</strong></span> <span class='ocrx_word' id='word_1_119' title='bbox 1357 1417 1510 1474; x_wconf 70' lang='lat' dir='ltr'><strong>arrnisidb.</strong></span> <span class='ocrx_word' id='word_1_120' title='bbox 1530 1415 1626 1472; x_wconf 87' lang='lat' dir='ltr'><strong>Postea</strong></span> <span class='ocrx_word' id='word_1_121' title='bbox 1637 1429 1703 1470; x_wconf 83' lang='lat' dir='ltr'><strong>uero</strong></span> <span class='ocrx_word' id='word_1_122' title='bbox 1718 1414 1770 1470; x_wconf 94' lang='lat' dir='ltr'><strong>sub</strong></span> <span class='ocrx_word' id='word_1_123' title='bbox 1781 1415 1905 1472; x_wconf 85' lang='lat' dir='ltr'><strong>consuli·</strong></span> 
     </span>
     <span class='ocr_line' id='line_1_11' title="bbox 274 1499 1904 1580; baseline 0.006 -26"><span class='ocrx_word' id='word_1_124' title='bbox 274 1499 390 1569; x_wconf 80' lang='lat' dir='ltr'><strong>juravit,</strong></span> <span class='ocrx_word' id='word_1_125' title='bbox 402 1500 450 1572; x_wconf 84' lang='lat' dir='ltr'><strong>qui</strong></span> <span class='ocrx_word' id='word_1_126' title='bbox 465 1502 576 1557; x_wconf 90' lang='lat' dir='ltr'><strong>demum</strong></span> <span class='ocrx_word' id='word_1_127' title='bbox 588 1503 615 1556; x_wconf 92' lang='lat' dir='ltr'><strong>in</strong></span> <span class='ocrx_word' id='word_1_128' title='bbox 627 1518 694 1574; x_wconf 88' lang='lat' dir='ltr'><strong>agro</strong></span> <span class='ocrx_word' id='word_1_129' title='bbox 706 1502 808 1561; x_wconf 87' lang='lat' dir='ltr'><strong>Piceno</strong></span> <span class='ocrx_word' id='word_1_130' title='bbox 820 1520 882 1560; x_wconf 88' lang='lat' dir='ltr'><strong>curn</strong></span> <span class='ocrx_word' id='word_1_131' title='bbox 893 1504 951 1562; x_wconf 87' lang='lat' dir='ltr'><strong>suis</strong></span> <span class='ocrx_word' id='word_1_132' title='bbox 960 1503 1067 1562; x_wconf 86' lang='lat' dir='ltr'><strong>confos-</strong></span> <span class='ocrx_word' id='word_1_133' title='bbox 1116 1512 1169 1568; x_wconf 90' lang='lat' dir='ltr'><strong>bus</strong></span> <span class='ocrx_word' id='word_1_134' title='bbox 1180 1526 1225 1567; x_wconf 90' lang='lat' dir='ltr'><strong>res</strong></span> <span class='ocrx_word' id='word_1_135' title='bbox 1237 1520 1299 1567; x_wconf 86' lang='lat' dir='ltr'><strong>aeta</strong></span> <span class='ocrx_word' id='word_1_136' title='bbox 1318 1519 1361 1566; x_wconf 85' lang='lat' dir='ltr'><strong>est</strong></span> <span class='ocrx_word' id='word_1_137' title='bbox 1374 1509 1454 1566; x_wconf 82' lang='lat' dir='ltr'><strong>arturis</strong></span> <span class='ocrx_word' id='word_1_138' title='bbox 1469 1508 1532 1564; x_wconf 79' lang='lat' dir='ltr'><strong>tot.</strong></span> <span class='ocrx_word' id='word_1_139' title='bbox 1550 1506 1693 1578; x_wconf 81' lang='lat' dir='ltr'><strong>Coepitgue</strong></span> <span class='ocrx_word' id='word_1_140' title='bbox 1705 1505 1796 1563; x_wconf 83' lang='lat' dir='ltr'><strong>tultus</strong></span> <span class='ocrx_word' id='word_1_141' title='bbox 1814 1507 1904 1580; x_wconf 86' lang='lat' dir='ltr'><strong>impe·</strong></span> 
     </span>
     <span class='ocr_line' id='line_1_12' title="bbox 278 1594 1905 1675; baseline 0.004 -26"><span class='ocrx_word' id='word_1_142' title='bbox 278 1609 327 1650; x_wconf 94' lang='lat' dir='ltr'><strong>sus</strong></span> <span class='ocrx_word' id='word_1_143' title='bbox 352 1601 404 1651; x_wconf 89' lang='lat' dir='ltr'><strong>est.</strong></span> <span class='ocrx_word' id='word_1_144' title='bbox 427 1594 606 1651; x_wconf 79' lang='lat' dir='ltr'><strong>Postmodum</strong></span> <span class='ocrx_word' id='word_1_145' title='bbox 627 1595 763 1666; x_wconf 67' lang='lat' dir='ltr'><strong>‚Gabinius</strong></span> <span class='ocrx_word' id='word_1_146' title='bbox 790 1597 895 1655; x_wconf 83' lang='lat' dir='ltr'><strong>Scauro</strong></span> <span class='ocrx_word' id='word_1_147' title='bbox 917 1599 1065 1666; x_wconf 55' lang='lat' dir='ltr'><strong>secretim</strong></span> <span class='ocrx_word' id='word_1_148' title='bbox 1116 1619 1179 1661; x_wconf 85' lang='lat' dir='ltr'><strong>rare</strong></span> <span class='ocrx_word' id='word_1_149' title='bbox 1190 1620 1263 1660; x_wconf 88' lang='lat' dir='ltr'><strong>anno</strong></span> <span class='ocrx_word' id='word_1_150' title='bbox 1279 1604 1368 1675; x_wconf 88' lang='lat' dir='ltr'><strong>primo</strong></span> <span class='ocrx_word' id='word_1_151' title='bbox 1379 1601 1540 1674; x_wconf 78' lang='lat' dir='ltr'><strong>Cleopatrae,</strong></span> <span class='ocrx_word' id='word_1_152' title='bbox 1554 1608 1581 1655; x_wconf 90' lang='lat' dir='ltr'><strong>et</strong></span> <span class='ocrx_word' id='word_1_153' title='bbox 1592 1616 1664 1655; x_wconf 82' lang='lat' dir='ltr'><strong>attho</strong></span> <span class='ocrx_word' id='word_1_154' title='bbox 1679 1609 1741 1671; x_wconf 89' lang='lat' dir='ltr'><strong>post</strong></span> <span class='ocrx_word' id='word_1_155' title='bbox 1760 1600 1905 1670; x_wconf 86' lang='lat' dir='ltr'><strong>pontifica-</strong></span> 
     </span>
     <span class='ocr_line' id='line_1_13' title="bbox 277 1688 1905 1767; baseline 0.002 -22"><span class='ocrx_word' id='word_1_156' title='bbox 277 1699 386 1760; x_wconf 90' lang='lat' dir='ltr'><strong>gentem</strong></span> <span class='ocrx_word' id='word_1_157' title='bbox 404 1688 562 1746; x_wconf 80' lang='lat' dir='ltr'><strong>ludaeorum</strong></span> <span class='ocrx_word' id='word_1_158' title='bbox 576 1706 623 1762; x_wconf 87' lang='lat' dir='ltr'><strong>per</strong></span> <span class='ocrx_word' id='word_1_159' title='bbox 640 1692 826 1761; x_wconf 81' lang='lat' dir='ltr'><strong>pentarchias,</strong></span> <span class='ocrx_word' id='word_1_160' title='bbox 845 1692 872 1748; x_wconf 90' lang='lat' dir='ltr'><strong>id</strong></span> <span class='ocrx_word' id='word_1_161' title='bbox 892 1701 934 1748; x_wconf 88' lang='lat' dir='ltr'><strong>est</strong></span> <span class='ocrx_word' id='word_1_162' title='bbox 951 1694 1067 1766; x_wconf 69' lang='lat' dir='ltr'><strong>attingas</strong></span> <span class='ocrx_word' id='word_1_163' title='bbox 1116 1707 1174 1753; x_wconf 93' lang='lat' dir='ltr'><strong>tum</strong></span> <span class='ocrx_word' id='word_1_164' title='bbox 1191 1694 1313 1752; x_wconf 90' lang='lat' dir='ltr'><strong>llircani.</strong></span> <span class='ocrx_word' id='word_1_165' title='bbox 1328 1694 1398 1751; x_wconf 84' lang='lat' dir='ltr'><strong>Cum</strong></span> <span class='ocrx_word' id='word_1_166' title='bbox 1423 1693 1506 1767; x_wconf 88' lang='lat' dir='ltr'><strong>igitur</strong></span> <span class='ocrx_word' id='word_1_167' title='bbox 1519 1695 1639 1758; x_wconf 86' lang='lat' dir='ltr'><strong>bonores</strong></span> <span class='ocrx_word' id='word_1_168' title='bbox 1651 1707 1684 1748; x_wconf 82' lang='lat' dir='ltr'><strong>cs</strong></span> <span class='ocrx_word' id='word_1_169' title='bbox 1698 1706 1748 1748; x_wconf 90' lang='lat' dir='ltr'><strong>sua</strong></span> <span class='ocrx_word' id='word_1_170' title='bbox 1764 1691 1905 1749; x_wconf 78' lang='lat' dir='ltr'><strong>retentare</strong></span> 
     </span>
     <span class='ocr_line' id='line_1_14' title="bbox 277 1779 1903 1860; baseline 0.001 -25"><span class='ocrx_word' id='word_1_171' title='bbox 277 1792 430 1848; x_wconf 82' lang='lat' dir='ltr'><strong>concentus,</strong></span> <span class='ocrx_word' id='word_1_172' title='bbox 446 1782 548 1838; x_wconf 81' lang='lat' dir='ltr'><strong>divisit.</strong></span> <span class='ocrx_word' id='word_1_173' title='bbox 577 1780 634 1836; x_wconf 86' lang='lat' dir='ltr'><strong>Sub</strong></span> <span class='ocrx_word' id='word_1_174' title='bbox 654 1779 772 1838; x_wconf 86' lang='lat' dir='ltr'><strong>Gabinio</strong></span> <span class='ocrx_word' id='word_1_175' title='bbox 796 1782 934 1839; x_wconf 84' lang='lat' dir='ltr'><strong>militabat</strong></span> <span class='ocrx_word' id='word_1_176' title='bbox 956 1782 1066 1841; x_wconf 81' lang='lat' dir='ltr'><strong>Uarrus</strong></span> <span class='ocrx_word' id='word_1_177' title='bbox 1116 1794 1270 1860; x_wconf 80' lang='lat' dir='ltr'><strong>praestaret,</strong></span> <span class='ocrx_word' id='word_1_178' title='bbox 1284 1797 1312 1842; x_wconf 90' lang='lat' dir='ltr'><strong>et</strong></span> <span class='ocrx_word' id='word_1_179' title='bbox 1321 1784 1428 1842; x_wconf 87' lang='lat' dir='ltr'><strong>senatui</strong></span> <span class='ocrx_word' id='word_1_180' title='bbox 1446 1782 1481 1839; x_wconf 87' lang='lat' dir='ltr'><strong>ad</strong></span> <span class='ocrx_word' id='word_1_181' title='bbox 1495 1782 1653 1839; x_wconf 77' lang='lat' dir='ltr'><strong>revenienti</strong></span> <span class='ocrx_word' id='word_1_182' title='bbox 1665 1797 1719 1838; x_wconf 89' lang='lat' dir='ltr'><strong>non</strong></span> <span class='ocrx_word' id='word_1_183' title='bbox 1732 1791 1903 1854; x_wconf 85' lang='lat' dir='ltr'><strong>assurgeret,</strong></span> 
     </span>
     <span class='ocr_line' id='line_1_15' title="bbox 276 1871 1904 1950; baseline -0.001 -21"><span class='ocrx_word' id='word_1_184' title='bbox 276 1875 425 1930; x_wconf 90' lang='lat' dir='ltr'><strong>Antonius.</strong></span> <span class='ocrx_word' id='word_1_185' title='bbox 443 1875 561 1930; x_wconf 85' lang='lat' dir='ltr'><strong>Gabinio</strong></span> <span class='ocrx_word' id='word_1_186' title='bbox 574 1877 708 1932; x_wconf 86' lang='lat' dir='ltr'><strong>suecessit</strong></span> <span class='ocrx_word' id='word_1_187' title='bbox 720 1875 849 1943; x_wconf 81' lang='lat' dir='ltr'><strong>Crassus,</strong></span> <span class='ocrx_word' id='word_1_188' title='bbox 859 1875 948 1932; x_wconf 87' lang='lat' dir='ltr'><strong>factus</strong></span> <span class='ocrx_word' id='word_1_189' title='bbox 963 1892 1065 1947; x_wconf 81' lang='lat' dir='ltr'><strong>praeses</strong></span> <span class='ocrx_word' id='word_1_190' title='bbox 1114 1879 1290 1950; x_wconf 76' lang='lat' dir='ltr'><strong>certioratum</strong></span> <span class='ocrx_word' id='word_1_191' title='bbox 1304 1886 1345 1934; x_wconf 88' lang='lat' dir='ltr'><strong>est</strong></span> <span class='ocrx_word' id='word_1_192' title='bbox 1355 1884 1450 1933; x_wconf 83' lang='lat' dir='ltr'><strong>corttra</strong></span> <span class='ocrx_word' id='word_1_193' title='bbox 1465 1890 1541 1942; x_wconf 87' lang='lat' dir='ltr'><strong>cunr,</strong></span> <span class='ocrx_word' id='word_1_194' title='bbox 1553 1882 1580 1930; x_wconf 91' lang='lat' dir='ltr'><strong>et</strong></span> <span class='ocrx_word' id='word_1_195' title='bbox 1593 1873 1690 1946; x_wconf 82' lang='lat' dir='ltr'><strong>uiginti</strong></span> <span class='ocrx_word' id='word_1_196' title='bbox 1707 1871 1904 1930; x_wconf 85' lang='lat' dir='ltr'><strong>tribusrulne·</strong></span> 
     </span>
     <span class='ocr_line' id='line_1_16' title="bbox 278 1965 1904 2040; baseline 0.001 -19"><span class='ocrx_word' id='word_1_197' title='bbox 278 1965 365 2038; x_wconf 78' lang='lat' dir='ltr'><strong>Syriae</strong></span> <span class='ocrx_word' id='word_1_198' title='bbox 376 1983 383 2032; x_wconf 88' lang='grc'><strong>;</strong></span> <span class='ocrx_word' id='word_1_199' title='bbox 396 1966 443 2038; x_wconf 83' lang='lat' dir='ltr'><strong>qui</strong></span> <span class='ocrx_word' id='word_1_200' title='bbox 458 1975 488 2021; x_wconf 93' lang='lat' dir='ltr'><strong>ut</strong></span> <span class='ocrx_word' id='word_1_201' title='bbox 499 1966 616 2024; x_wconf 87' lang='lat' dir='ltr'><strong>Parthos</strong></span> <span class='ocrx_word' id='word_1_202' title='bbox 629 1968 834 2040; x_wconf 88' lang='lat' dir='ltr'><strong>coruprirneret,</strong></span> <span class='ocrx_word' id='word_1_203' title='bbox 849 1968 980 2040; x_wconf 88' lang='lat' dir='ltr'><strong>ternplum</strong></span> <span class='ocrx_word' id='word_1_204' title='bbox 995 1984 1065 2024; x_wconf 91' lang='lat' dir='ltr'><strong>auru</strong></span> <span class='ocrx_word' id='word_1_205' title='bbox 1117 1973 1206 2040; x_wconf 90' lang='lat' dir='ltr'><strong>ribus,</strong></span> <span class='ocrx_word' id='word_1_206' title='bbox 1221 1973 1286 2028; x_wconf 94' lang='lat' dir='ltr'><strong>dolo</strong></span> <span class='ocrx_word' id='word_1_207' title='bbox 1299 1970 1376 2026; x_wconf 88' lang='lat' dir='ltr'><strong>Bruti</strong></span> <span class='ocrx_word' id='word_1_208' title='bbox 1388 1978 1416 2026; x_wconf 89' lang='lat' dir='ltr'><strong>et</strong></span> <span class='ocrx_word' id='word_1_209' title='bbox 1429 1968 1529 2035; x_wconf 88' lang='lat' dir='ltr'><strong>Cassii,</strong></span> <span class='ocrx_word' id='word_1_210' title='bbox 1543 1967 1688 2024; x_wconf 84' lang='lat' dir='ltr'><strong>confossus</strong></span> <span class='ocrx_word' id='word_1_211' title='bbox 1701 1976 1752 2023; x_wconf 87' lang='lat' dir='ltr'><strong>est.</strong></span> <span class='ocrx_word' id='word_1_212' title='bbox 1772 1965 1830 2034; x_wconf 88' lang='lat' dir='ltr'><strong>ifir,</strong></span> <span class='ocrx_word' id='word_1_213' title='bbox 1846 1981 1904 2038; x_wconf 84' lang='lat' dir='ltr'><strong>quo</strong></span> 
     </span>
     <span class='ocr_line' id='line_1_17' title="bbox 276 2059 1904 2136; baseline -0.001 -22"><span class='ocrx_word' id='word_1_214' title='bbox 276 2061 452 2130; x_wconf 84' lang='lat' dir='ltr'><strong>exspoliarit,</strong></span> <span class='ocrx_word' id='word_1_215' title='bbox 464 2077 548 2132; x_wconf 88' lang='lat' dir='ltr'><strong>qnare</strong></span> <span class='ocrx_word' id='word_1_216' title='bbox 560 2063 659 2117; x_wconf 90' lang='lat' dir='ltr'><strong>merito</strong></span> <span class='ocrx_word' id='word_1_217' title='bbox 670 2076 739 2118; x_wconf 88' lang='lat' dir='ltr'><strong>auro</strong></span> <span class='ocrx_word' id='word_1_218' title='bbox 755 2061 782 2116; x_wconf 88' lang='lat' dir='ltr'><strong>ln</strong></span> <span class='ocrx_word' id='word_1_219' title='bbox 794 2076 826 2117; x_wconf 88' lang='lat' dir='ltr'><strong>os</strong></span> <span class='ocrx_word' id='word_1_220' title='bbox 836 2059 929 2118; x_wconf 90' lang='lat' dir='ltr'><strong>infuso</strong></span> <span class='ocrx_word' id='word_1_221' title='bbox 943 2060 1062 2130; x_wconf 79' lang='lat' dir='ltr'><strong>interiit3</strong></span> <span class='ocrx_word' id='word_1_222' title='bbox 1115 2064 1209 2121; x_wconf 89' lang='lat' dir='ltr'><strong>nullus</strong></span> <span class='ocrx_word' id='word_1_223' title='bbox 1226 2078 1346 2136; x_wconf 88' lang='lat' dir='ltr'><strong>unquam</strong></span> <span class='ocrx_word' id='word_1_224' title='bbox 1359 2060 1468 2118; x_wconf 86' lang='lat' dir='ltr'><strong>felicius</strong></span> <span class='ocrx_word' id='word_1_225' title='bbox 1484 2061 1511 2115; x_wconf 91' lang='lat' dir='ltr'><strong>in</strong></span> <span class='ocrx_word' id='word_1_226' title='bbox 1528 2060 1607 2116; x_wconf 89' lang='lat' dir='ltr'><strong>bellis</strong></span> <span class='ocrx_word' id='word_1_227' title='bbox 1620 2059 1728 2126; x_wconf 75' lang='lat' dir='ltr'><strong>enituit,</strong></span> <span class='ocrx_word' id='word_1_228' title='bbox 1741 2073 1804 2113; x_wconf 91' lang='lat' dir='ltr'><strong>nam</strong></span> <span class='ocrx_word' id='word_1_229' title='bbox 1819 2059 1904 2131; x_wconf 87' lang='lat' dir='ltr'><strong>quin·</strong></span> 
     </span>
     <span class='ocr_line' id='line_1_18' title="bbox 275 2151 1904 2229; baseline -0.002 -20"><span class='ocrx_word' id='word_1_230' title='bbox 275 2154 322 2209; x_wconf 89' lang='lat' dir='ltr'><strong>cui</strong></span> <span class='ocrx_word' id='word_1_231' title='bbox 331 2155 465 2210; x_wconf 88' lang='lat' dir='ltr'><strong>successit</strong></span> <span class='ocrx_word' id='word_1_232' title='bbox 477 2153 601 2210; x_wconf 87' lang='lat' dir='ltr'><strong>Cassius.</strong></span> <span class='ocrx_word' id='word_1_233' title='bbox 615 2153 707 2211; x_wconf 77' lang='lat' dir='ltr'><strong>lulius</strong></span> <span class='ocrx_word' id='word_1_234' title='bbox 721 2169 786 2209; x_wconf 87' lang='lat' dir='ltr'><strong>uero</strong></span> <span class='ocrx_word' id='word_1_235' title='bbox 800 2151 1064 2211; x_wconf 66' lang='lat' dir='ltr'><strong>essentessent·</strong></span> <span class='ocrx_word' id='word_1_236' title='bbox 1115 2158 1229 2229; x_wconf 81' lang='lat' dir='ltr'><strong>quagies</strong></span> <span class='ocrx_word' id='word_1_237' title='bbox 1241 2155 1381 2212; x_wconf 86' lang='lat' dir='ltr'><strong>dimicarit</strong></span> <span class='ocrx_word' id='word_1_238' title='bbox 1393 2173 1400 2222; x_wconf 89' lang='lat'>;</span> <span class='ocrx_word' id='word_1_239' title='bbox 1413 2170 1468 2226; x_wconf 82' lang='lat' dir='ltr'><strong>qrro</strong></span> <span class='ocrx_word' id='word_1_240' title='bbox 1482 2154 1576 2210; x_wconf 91' lang='lat' dir='ltr'><strong>nullus</strong></span> <span class='ocrx_word' id='word_1_241' title='bbox 1587 2153 1703 2209; x_wconf 89' lang='lat' dir='ltr'><strong>celerius</strong></span> <span class='ocrx_word' id='word_1_242' title='bbox 1718 2151 1838 2222; x_wconf 75' lang='lat' dir='ltr'><strong>scripsit,</strong></span> <span class='ocrx_word' id='word_1_243' title='bbox 1854 2165 1904 2206; x_wconf 85' lang='lat' dir='ltr'><strong>ne·</strong></span> 
     </span>
    </p>
   </div>
   <div class='ocr_carea' id='block_1_3' title="bbox 158 2242 1903 2319">
    <p class='ocr_par' dir='ltr' id='par_1_4' title="bbox 158 2242 1903 2319">
     <span class='ocr_line' id='line_1_19' title="bbox 158 2242 1903 2319; baseline -0.001 -20"><span class='ocrx_word' id='word_1_244' title='bbox 158 2290 161 2299; x_wconf 91' lang='lat'><strong>.</strong></span> <span class='ocrx_word' id='word_1_245' title='bbox 276 2248 331 2316; x_wconf 88' lang='lat' dir='ltr'><strong>nis,</strong></span> <span class='ocrx_word' id='word_1_246' title='bbox 347 2247 443 2315; x_wconf 82' lang='lat' dir='ltr'><strong>Gallis,</strong></span> <span class='ocrx_word' id='word_1_247' title='bbox 460 2247 600 2305; x_wconf 88' lang='lat' dir='ltr'><strong>Britannis</strong></span> <span class='ocrx_word' id='word_1_248' title='bbox 624 2248 814 2318; x_wconf 87' lang='lat' dir='ltr'><strong>triumpharit,</strong></span> <span class='ocrx_word' id='word_1_249' title='bbox 832 2257 859 2304; x_wconf 88' lang='lat' dir='ltr'><strong>et</strong></span> <span class='ocrx_word' id='word_1_250' title='bbox 882 2264 978 2305; x_wconf 89' lang='lat' dir='ltr'><strong>ornnes</strong></span> <span class='ocrx_word' id='word_1_251' title='bbox 992 2251 1064 2307; x_wconf 87' lang='lat' dir='ltr'><strong>irtter</strong></span> <span class='ocrx_word' id='word_1_252' title='bbox 1116 2265 1162 2305; x_wconf 93' lang='lat' dir='ltr'><strong>mo</strong></span> <span class='ocrx_word' id='word_1_253' title='bbox 1177 2247 1299 2304; x_wconf 82' lang='lat' dir='ltr'><strong>uelocius</strong></span> <span class='ocrx_word' id='word_1_254' title='bbox 1312 2247 1377 2319; x_wconf 87' lang='lat' dir='ltr'><strong>legit</strong></span> <span class='ocrx_word' id='word_1_255' title='bbox 1389 2254 1557 2319; x_wconf 87' lang='lat' dir='ltr'><strong>:quaternas</strong></span> <span class='ocrx_word' id='word_1_256' title='bbox 1574 2245 1705 2317; x_wconf 90' lang='lat' dir='ltr'><strong>epistolas</strong></span> <span class='ocrx_word' id='word_1_257' title='bbox 1717 2243 1799 2300; x_wconf 88' lang='lat' dir='ltr'><strong>simul</strong></span> <span class='ocrx_word' id='word_1_258' title='bbox 1813 2242 1903 2299; x_wconf 86' lang='lat' dir='ltr'><strong>dicta·</strong></span> 
     </span>
    </p>
   </div>
   <div class='ocr_carea' id='block_1_4' title="bbox 270 2335 1903 6122">
    <p class='ocr_par' dir='ltr' id='par_1_5' title="bbox 270 2335 1903 6122">
     <span class='ocr_line' id='line_1_20' title="bbox 278 2335 1902 2412; baseline -0.002 -19"><span class='ocrx_word' id='word_1_259' title='bbox 278 2338 414 2406; x_wconf 84' lang='lat' dir='ltr'><strong>lllrenum,</strong></span> <span class='ocrx_word' id='word_1_260' title='bbox 429 2348 457 2394; x_wconf 90' lang='lat' dir='ltr'><strong>et</strong></span> <span class='ocrx_word' id='word_1_261' title='bbox 478 2338 653 2403; x_wconf 87' lang='lat' dir='ltr'><strong>llhodanurn,</strong></span> <span class='ocrx_word' id='word_1_262' title='bbox 667 2348 694 2394; x_wconf 90' lang='lat' dir='ltr'><strong>et</strong></span> <span class='ocrx_word' id='word_1_263' title='bbox 711 2339 792 2409; x_wconf 89' lang='lat' dir='ltr'><strong>Alpes</strong></span> <span class='ocrx_word' id='word_1_264' title='bbox 818 2355 906 2412; x_wconf 85' lang='lat' dir='ltr'><strong>usque</strong></span> <span class='ocrx_word' id='word_1_265' title='bbox 922 2341 956 2396; x_wconf 87' lang='lat' dir='ltr'><strong>ad</strong></span> <span class='ocrx_word' id='word_1_266' title='bbox 979 2341 1065 2398; x_wconf 86' lang='lat' dir='ltr'><strong>Ucea·</strong></span> <span class='ocrx_word' id='word_1_267' title='bbox 1115 2342 1173 2409; x_wconf 87' lang='lat' dir='ltr'><strong>rit;</strong></span> <span class='ocrx_word' id='word_1_268' title='bbox 1188 2350 1271 2398; x_wconf 84' lang='lat' dir='ltr'><strong>tantae</strong></span> <span class='ocrx_word' id='word_1_269' title='bbox 1286 2339 1338 2396; x_wconf 91' lang='lat' dir='ltr'><strong>fuit</strong></span> <span class='ocrx_word' id='word_1_270' title='bbox 1352 2337 1493 2405; x_wconf 87' lang='lat' dir='ltr'><strong>bonitatis,</strong></span> <span class='ocrx_word' id='word_1_271' title='bbox 1508 2345 1538 2392; x_wconf 92' lang='lat' dir='ltr'><strong>ut</strong></span> <span class='ocrx_word' id='word_1_272' title='bbox 1550 2352 1620 2408; x_wconf 87' lang='lat' dir='ltr'><strong>quos</strong></span> <span class='ocrx_word' id='word_1_273' title='bbox 1645 2336 1730 2391; x_wconf 90' lang='lat' dir='ltr'><strong>armis</strong></span> <span class='ocrx_word' id='word_1_274' title='bbox 1743 2335 1902 2406; x_wconf 84' lang='lat' dir='ltr'><strong>subegerat,</strong></span> 
     </span>
     <span class='ocr_line' id='line_1_21' title="bbox 275 2428 1903 2504; baseline -0.002 -18"><span class='ocrx_word' id='word_1_275' title='bbox 275 2446 342 2486; x_wconf 87' lang='lat' dir='ltr'><strong>nutu</strong></span> <span class='ocrx_word' id='word_1_276' title='bbox 351 2430 516 2501; x_wconf 84' lang='lat' dir='ltr'><strong>subjugarit.</strong></span> <span class='ocrx_word' id='word_1_277' title='bbox 528 2429 632 2501; x_wconf 90' lang='lat' dir='ltr'><strong>Appius</strong></span> <span class='ocrx_word' id='word_1_278' title='bbox 644 2445 691 2485; x_wconf 89' lang='lat' dir='ltr'><strong>rex</strong></span> <span class='ocrx_word' id='word_1_279' title='bbox 702 2429 827 2486; x_wconf 89' lang='lat' dir='ltr'><strong>llomano</strong></span> <span class='ocrx_word' id='word_1_280' title='bbox 839 2430 1062 2504; x_wconf 85' lang='lat' dir='ltr'><strong>populobybiam</strong></span> <span class='ocrx_word' id='word_1_281' title='bbox 1115 2433 1263 2490; x_wconf 87' lang='lat' dir='ltr'><strong>eleureutia</strong></span> <span class='ocrx_word' id='word_1_282' title='bbox 1276 2431 1363 2504; x_wconf 89' lang='lat' dir='ltr'><strong>magis</strong></span> <span class='ocrx_word' id='word_1_283' title='bbox 1379 2431 1510 2487; x_wconf 85' lang='lat' dir='ltr'><strong>uinceret.</strong></span> <span class='ocrx_word' id='word_1_284' title='bbox 1524 2429 1565 2485; x_wconf 93' lang='lat' dir='ltr'><strong>Ab</strong></span> <span class='ocrx_word' id='word_1_285' title='bbox 1578 2429 1630 2484; x_wconf 91' lang='lat' dir='ltr'><strong>hoe</strong></span> <span class='ocrx_word' id='word_1_286' title='bbox 1642 2428 1750 2485; x_wconf 85' lang='lat' dir='ltr'><strong>Caesare</strong></span> <span class='ocrx_word' id='word_1_287' title='bbox 1763 2428 1903 2499; x_wconf 78' lang='lat' dir='ltr'><strong>principes</strong></span> 
     </span>
     <span class='ocr_line' id='line_1_22' title="bbox 274 2519 1903 2595; baseline 0.001 -17"><span class='ocrx_word' id='word_1_288' title='bbox 274 2532 440 2578; x_wconf 87' lang='lat' dir='ltr'><strong>testamento</strong></span> <span class='ocrx_word' id='word_1_289' title='bbox 454 2523 601 2580; x_wconf 86' lang='lat' dir='ltr'><strong>concessit.</strong></span> <span class='ocrx_word' id='word_1_290' title='bbox 622 2521 731 2579; x_wconf 80' lang='lat' dir='ltr'><strong>Eisdem</strong></span> <span class='ocrx_word' id='word_1_291' title='bbox 747 2524 918 2594; x_wconf 86' lang='lat' dir='ltr'><strong>temporibus</strong></span> <span class='ocrx_word' id='word_1_292' title='bbox 931 2521 1063 2595; x_wconf 79' lang='lat' dir='ltr'><strong>Virgilius</strong></span> <span class='ocrx_word' id='word_1_293' title='bbox 1115 2525 1303 2582; x_wconf 83' lang='lat' dir='ltr'><strong>Romanorum</strong></span> <span class='ocrx_word' id='word_1_294' title='bbox 1323 2523 1446 2580; x_wconf 66' lang='lat' dir='ltr'><strong>Caesares</strong></span> <span class='ocrx_word' id='word_1_295' title='bbox 1463 2522 1591 2595; x_wconf 87' lang='lat' dir='ltr'><strong>appellati</strong></span> <span class='ocrx_word' id='word_1_296' title='bbox 1614 2531 1689 2577; x_wconf 91' lang='lat' dir='ltr'><strong>sunt.</strong></span> <span class='ocrx_word' id='word_1_297' title='bbox 1705 2519 1795 2578; x_wconf 82' lang='lat' dir='ltr'><strong>Julius</strong></span> <span class='ocrx_word' id='word_1_298' title='bbox 1808 2519 1903 2579; x_wconf 77' lang='lat' dir='ltr'><strong>casae</strong></span> 
     </span>
     <span class='ocr_line' id='line_1_23' title="bbox 275 2613 1899 2687; baseline 0.001 -18"><span class='ocrx_word' id='word_1_299' title='bbox 275 2613 303 2669; x_wconf 90' lang='lat' dir='ltr'><strong>iu</strong></span> <span class='ocrx_word' id='word_1_300' title='bbox 319 2629 399 2686; x_wconf 91' lang='lat' dir='ltr'><strong>pago,</strong></span> <span class='ocrx_word' id='word_1_301' title='bbox 412 2614 458 2687; x_wconf 87' lang='lat' dir='ltr'><strong>qui</strong></span> <span class='ocrx_word' id='word_1_302' title='bbox 471 2613 769 2686; x_wconf 84' lang='lat' dir='ltr'><strong>diciturAndos,justa</strong></span> <span class='ocrx_word' id='word_1_303' title='bbox 780 2613 917 2670; x_wconf 85' lang='lat' dir='ltr'><strong>ifantuam</strong></span> <span class='ocrx_word' id='word_1_304' title='bbox 930 2615 1062 2677; x_wconf 86' lang='lat' dir='ltr'><strong>nascitur,</strong></span> <span class='ocrx_word' id='word_1_305' title='bbox 1114 2618 1209 2676; x_wconf 91' lang='lat' dir='ltr'><strong>ldibus</strong></span> <span class='ocrx_word' id='word_1_306' title='bbox 1230 2617 1318 2674; x_wconf 84' lang='lat' dir='ltr'><strong>Uartii</strong></span> <span class='ocrx_word' id='word_1_307' title='bbox 1340 2616 1448 2674; x_wconf 88' lang='lat' dir='ltr'><strong>occisus</strong></span> <span class='ocrx_word' id='word_1_308' title='bbox 1463 2627 1506 2672; x_wconf 87' lang='lat' dir='ltr'><strong>est</strong></span> <span class='ocrx_word' id='word_1_309' title='bbox 1531 2614 1654 2671; x_wconf 88' lang='lat' dir='ltr'><strong>incuria</strong></span> <span class='ocrx_word' id='word_1_310' title='bbox 1675 2630 1690 2670; x_wconf 91' lang='lat' dir='ltr'><strong>a</strong></span> <span class='ocrx_word' id='word_1_311' title='bbox 1712 2614 1899 2672; x_wconf 87' lang='lat' dir='ltr'><strong>senatoribus.</strong></span> 
     </span>
     <span class='ocr_line' id='line_1_24' title="bbox 276 2705 1902 2779; baseline 0.002 -18"><span class='ocrx_word' id='word_1_312' title='bbox 276 2705 323 2775; x_wconf 81' lang='lat' dir='ltr'><strong>gui</strong></span> <span class='ocrx_word' id='word_1_313' title='bbox 338 2705 582 2776; x_wconf 78' lang='lat' dir='ltr'><strong>pusteassremonae</strong></span> <span class='ocrx_word' id='word_1_314' title='bbox 597 2707 713 2772; x_wconf 86' lang='lat' dir='ltr'><strong>studuit,</strong></span> <span class='ocrx_word' id='word_1_315' title='bbox 730 2705 875 2763; x_wconf 72' lang='lat' dir='ltr'><strong>Mediolani</strong></span> <span class='ocrx_word' id='word_1_316' title='bbox 892 2716 1064 2777; x_wconf 85' lang='lat' dir='ltr'><strong>togamsum·</strong></span> <span class='ocrx_word' id='word_1_317' title='bbox 1114 2710 1188 2768; x_wconf 89' lang='lat' dir='ltr'><strong>Obiit</strong></span> <span class='ocrx_word' id='word_1_318' title='bbox 1200 2719 1291 2767; x_wconf 88' lang='lat' dir='ltr'><strong>autem</strong></span> <span class='ocrx_word' id='word_1_319' title='bbox 1305 2709 1475 2766; x_wconf 82' lang='lat' dir='ltr'><strong>anuoaetatis</strong></span> <span class='ocrx_word' id='word_1_320' title='bbox 1486 2706 1701 2779; x_wconf 81' lang='lat' dir='ltr'><strong>suaeurt.Cujus</strong></span> <span class='ocrx_word' id='word_1_321' title='bbox 1714 2723 1902 2779; x_wconf 89' lang='lat' dir='ltr'><strong>corpuscom·</strong></span> 
     </span>
     <span class='ocr_line' id='line_1_25' title="bbox 273 2796 1901 2871; baseline 0.001 -18"><span class='ocrx_word' id='word_1_322' title='bbox 273 2796 342 2868; x_wconf 88' lang='lat' dir='ltr'><strong>psit,</strong></span> <span class='ocrx_word' id='word_1_323' title='bbox 358 2805 386 2852; x_wconf 87' lang='lat' dir='ltr'><strong>et</strong></span> <span class='ocrx_word' id='word_1_324' title='bbox 400 2797 462 2853; x_wconf 90' lang='lat' dir='ltr'><strong>inde</strong></span> <span class='ocrx_word' id='word_1_325' title='bbox 475 2797 590 2853; x_wconf 84' lang='lat' dir='ltr'><strong>bornam</strong></span> <span class='ocrx_word' id='word_1_326' title='bbox 601 2799 684 2854; x_wconf 85' lang='lat' dir='ltr'><strong>uenit.</strong></span> <span class='ocrx_word' id='word_1_327' title='bbox 701 2797 831 2857; x_wconf 89' lang='lat' dir='ltr'><strong>lloratius</strong></span> <span class='ocrx_word' id='word_1_328' title='bbox 846 2799 958 2856; x_wconf 78' lang='lat' dir='ltr'><strong>Vortusii</strong></span> <span class='ocrx_word' id='word_1_329' title='bbox 970 2803 1063 2858; x_wconf 87' lang='lat' dir='ltr'><strong>nasci·</strong></span> <span class='ocrx_word' id='word_1_330' title='bbox 1113 2803 1226 2859; x_wconf 91' lang='lat' dir='ltr'><strong>bustum</strong></span> <span class='ocrx_word' id='word_1_331' title='bbox 1240 2811 1293 2870; x_wconf 91' lang='lat' dir='ltr'><strong>est,</strong></span> <span class='ocrx_word' id='word_1_332' title='bbox 1307 2811 1335 2859; x_wconf 90' lang='lat' dir='ltr'><strong>et</strong></span> <span class='ocrx_word' id='word_1_333' title='bbox 1360 2802 1526 2857; x_wconf 90' lang='lat' dir='ltr'><strong>tumulatum</strong></span> <span class='ocrx_word' id='word_1_334' title='bbox 1544 2800 1572 2854; x_wconf 88' lang='lat' dir='ltr'><strong>in</strong></span> <span class='ocrx_word' id='word_1_335' title='bbox 1592 2800 1730 2867; x_wconf 88' lang='lat' dir='ltr'><strong>columna,</strong></span> <span class='ocrx_word' id='word_1_336' title='bbox 1747 2815 1809 2871; x_wconf 77' lang='lat' dir='ltr'><strong>quae</strong></span> <span class='ocrx_word' id='word_1_337' title='bbox 1828 2797 1901 2856; x_wconf 81' lang='lat' dir='ltr'><strong>iulia</strong></span> 
     </span>
     <span class='ocr_line' id='line_1_26' title="bbox 275 2887 1901 2966; baseline 0.005 -24"><span class='ocrx_word' id='word_1_338' title='bbox 275 2895 334 2943; x_wconf 85' lang='lat' dir='ltr'><strong>tur.</strong></span> <span class='ocrx_word' id='word_1_339' title='bbox 347 2888 530 2958; x_wconf 89' lang='lat' dir='ltr'><strong>Apollodorus</strong></span> <span class='ocrx_word' id='word_1_340' title='bbox 544 2887 666 2954; x_wconf 87' lang='lat' dir='ltr'><strong>Graecus,</strong></span> <span class='ocrx_word' id='word_1_341' title='bbox 686 2888 764 2947; x_wconf 84' lang='lat' dir='ltr'><strong>Titus</strong></span> <span class='ocrx_word' id='word_1_342' title='bbox 782 2889 876 2947; x_wconf 85' lang='lat' dir='ltr'><strong>Livius</strong></span> <span class='ocrx_word' id='word_1_343' title='bbox 902 2892 1061 2962; x_wconf 85' lang='lat' dir='ltr'><strong>historicus,</strong></span> <span class='ocrx_word' id='word_1_344' title='bbox 1114 2903 1299 2966; x_wconf 90' lang='lat' dir='ltr'><strong>nuncupatur.</strong></span> <span class='ocrx_word' id='word_1_345' title='bbox 1324 2893 1394 2951; x_wconf 85' lang='lat' dir='ltr'><strong>Ante</strong></span> <span class='ocrx_word' id='word_1_346' title='bbox 1416 2902 1531 2949; x_wconf 89' lang='lat' dir='ltr'><strong>mortem</strong></span> <span class='ocrx_word' id='word_1_347' title='bbox 1556 2893 1617 2964; x_wconf 85' lang='lat' dir='ltr'><strong>ejus</strong></span> <span class='ocrx_word' id='word_1_348' title='bbox 1642 2891 1744 2949; x_wconf 87' lang='lat' dir='ltr'><strong>fulmen</strong></span> <span class='ocrx_word' id='word_1_349' title='bbox 1760 2893 1859 2950; x_wconf 85' lang='lat' dir='ltr'><strong>cecidit</strong></span> <span class='ocrx_word' id='word_1_350' title='bbox 1873 2894 1901 2950; x_wconf 88' lang='lat' dir='ltr'><strong>in</strong></span> 
     </span>
     <span class='ocr_line' id='line_1_27' title="bbox 275 2977 1902 3059; baseline 0.007 -26"><span class='ocrx_word' id='word_1_351' title='bbox 275 2989 303 3034; x_wconf 88' lang='lat' dir='ltr'><strong>et</strong></span> <span class='ocrx_word' id='word_1_352' title='bbox 319 2977 403 3034; x_wconf 80' lang='lat' dir='ltr'><strong>Curio</strong></span> <span class='ocrx_word' id='word_1_353' title='bbox 419 2989 562 3053; x_wconf 88' lang='lat' dir='ltr'><strong>promptus</strong></span> <span class='ocrx_word' id='word_1_354' title='bbox 575 2989 679 3048; x_wconf 89' lang='lat' dir='ltr'><strong>orator,</strong></span> <span class='ocrx_word' id='word_1_355' title='bbox 691 2981 859 3038; x_wconf 90' lang='lat' dir='ltr'><strong>claruerunt.</strong></span> <span class='ocrx_word' id='word_1_356' title='bbox 872 2980 992 3040; x_wconf 79' lang='lat' dir='ltr'><strong>Rediens</strong></span> <span class='ocrx_word' id='word_1_357' title='bbox 1013 2982 1063 3040; x_wconf 81' lang='lat' dir='ltr'><strong>Ju-</strong></span> <span class='ocrx_word' id='word_1_358' title='bbox 1113 2987 1185 3055; x_wconf 91' lang='lat' dir='ltr'><strong>foro,</strong></span> <span class='ocrx_word' id='word_1_359' title='bbox 1208 2988 1280 3059; x_wconf 89' lang='lat' dir='ltr'><strong>quod</strong></span> <span class='ocrx_word' id='word_1_360' title='bbox 1303 2987 1338 3044; x_wconf 87' lang='lat' dir='ltr'><strong>de</strong></span> <span class='ocrx_word' id='word_1_361' title='bbox 1365 2987 1478 3042; x_wconf 89' lang='lat' dir='ltr'><strong>nomine</strong></span> <span class='ocrx_word' id='word_1_362' title='bbox 1491 2987 1551 3058; x_wconf 80' lang='lat' dir='ltr'><strong>ejus</strong></span> <span class='ocrx_word' id='word_1_363' title='bbox 1566 2995 1664 3042; x_wconf 73' lang='lat' dir='ltr'><strong>statum</strong></span> <span class='ocrx_word' id='word_1_364' title='bbox 1690 2986 1902 3057; x_wconf 81' lang='lat' dir='ltr'><strong>supcrpositoC</strong></span> 
     </span>
     <span class='ocr_line' id='line_1_28' title="bbox 276 3070 1901 3150; baseline 0.007 -26"><span class='ocrx_word' id='word_1_365' title='bbox 276 3070 330 3126; x_wconf 84' lang='lat' dir='ltr'><strong>lius</strong></span> <span class='ocrx_word' id='word_1_366' title='bbox 342 3070 376 3125; x_wconf 91' lang='lat' dir='ltr'><strong>de</strong></span> <span class='ocrx_word' id='word_1_367' title='bbox 389 3070 477 3126; x_wconf 81' lang='lat' dir='ltr'><strong>Uallia</strong></span> <span class='ocrx_word' id='word_1_368' title='bbox 494 3072 580 3127; x_wconf 87' lang='lat' dir='ltr'><strong>rietor</strong></span> <span class='ocrx_word' id='word_1_369' title='bbox 591 3071 719 3141; x_wconf 83' lang='lat' dir='ltr'><strong>Romam,</strong></span> <span class='ocrx_word' id='word_1_370' title='bbox 732 3075 854 3131; x_wconf 82' lang='lat' dir='ltr'><strong>exercitu</strong></span> <span class='ocrx_word' id='word_1_371' title='bbox 864 3075 978 3132; x_wconf 82' lang='lat' dir='ltr'><strong>dimisso</strong></span> <span class='ocrx_word' id='word_1_372' title='bbox 989 3076 1062 3148; x_wconf 89' lang='lat' dir='ltr'><strong>apud</strong></span> <span class='ocrx_word' id='word_1_373' title='bbox 1113 3080 1232 3136; x_wconf 85' lang='lat' dir='ltr'><strong>litteram</strong></span> <span class='ocrx_word' id='word_1_374' title='bbox 1241 3079 1385 3150; x_wconf 82' lang='lat' dir='ltr'><strong>capitalem</strong></span> <span class='ocrx_word' id='word_1_375' title='bbox 1398 3078 1524 3149; x_wconf 85' lang='lat' dir='ltr'><strong>abruplt;</strong></span> <span class='ocrx_word' id='word_1_376' title='bbox 1533 3087 1561 3134; x_wconf 89' lang='lat' dir='ltr'><strong>et</strong></span> <span class='ocrx_word' id='word_1_377' title='bbox 1574 3077 1701 3133; x_wconf 81' lang='lat' dir='ltr'><strong>fenestrae</strong></span> <span class='ocrx_word' id='word_1_378' title='bbox 1712 3076 1824 3134; x_wconf 85' lang='lat' dir='ltr'><strong>thalami</strong></span> <span class='ocrx_word' id='word_1_379' title='bbox 1839 3079 1901 3147; x_wconf 79' lang='lat' dir='ltr'><strong>eius</strong></span> 
     </span>
     <span class='ocr_line' id='line_1_29' title="bbox 275 3163 1901 3243; baseline 0.006 -26"><span class='ocrx_word' id='word_1_380' title='bbox 275 3163 442 3227; x_wconf 88' lang='lat' dir='ltr'><strong>Arlmrnum,</strong></span> <span class='ocrx_word' id='word_1_381' title='bbox 457 3164 584 3234; x_wconf 75' lang='lat' dir='ltr'><strong>quaesiuit</strong></span> <span class='ocrx_word' id='word_1_382' title='bbox 597 3164 713 3221; x_wconf 90' lang='lat' dir='ltr'><strong>alterum</strong></span> <span class='ocrx_word' id='word_1_383' title='bbox 727 3168 902 3224; x_wconf 89' lang='lat' dir='ltr'><strong>consulatum</strong></span> <span class='ocrx_word' id='word_1_384' title='bbox 915 3170 985 3237; x_wconf 83' lang='lat' dir='ltr'><strong>;‚scd</strong></span> <span class='ocrx_word' id='word_1_385' title='bbox 999 3185 1064 3227; x_wconf 89' lang='lat' dir='ltr'><strong>con·</strong></span> <span class='ocrx_word' id='word_1_386' title='bbox 1113 3180 1190 3229; x_wconf 91' lang='lat' dir='ltr'><strong>tanto</strong></span> <span class='ocrx_word' id='word_1_387' title='bbox 1200 3172 1315 3243; x_wconf 89' lang='lat' dir='ltr'><strong>strepitu</strong></span> <span class='ocrx_word' id='word_1_388' title='bbox 1329 3180 1395 3228; x_wconf 90' lang='lat' dir='ltr'><strong>sunt</strong></span> <span class='ocrx_word' id='word_1_389' title='bbox 1408 3179 1520 3242; x_wconf 73' lang='lat' dir='ltr'><strong>apertae,</strong></span> <span class='ocrx_word' id='word_1_390' title='bbox 1537 3171 1609 3241; x_wconf 86' lang='lat' dir='ltr'><strong>qnod</strong></span> <span class='ocrx_word' id='word_1_391' title='bbox 1630 3170 1743 3225; x_wconf 87' lang='lat' dir='ltr'><strong>doraum</strong></span> <span class='ocrx_word' id='word_1_392' title='bbox 1756 3177 1901 3240; x_wconf 89' lang='lat' dir='ltr'><strong>rupturam</strong></span> 
     </span>
     <span class='ocr_line' id='line_1_30' title="bbox 276 3253 1902 3328; baseline 0.006 -18"><span class='ocrx_word' id='word_1_393' title='bbox 276 3253 422 3310; x_wconf 86' lang='lat' dir='ltr'><strong>tradietum</strong></span> <span class='ocrx_word' id='word_1_394' title='bbox 437 3264 479 3311; x_wconf 91' lang='lat' dir='ltr'><strong>est</strong></span> <span class='ocrx_word' id='word_1_395' title='bbox 492 3272 508 3312; x_wconf 88' lang='lat' dir='ltr'><strong>a</strong></span> <span class='ocrx_word' id='word_1_396' title='bbox 521 3255 665 3328; x_wconf 85' lang='lat' dir='ltr'><strong>Pornpeio,</strong></span> <span class='ocrx_word' id='word_1_397' title='bbox 681 3257 808 3315; x_wconf 86' lang='lat' dir='ltr'><strong>hfarcello</strong></span> <span class='ocrx_word' id='word_1_398' title='bbox 816 3269 843 3316; x_wconf 89' lang='lat' dir='ltr'><strong>et</strong></span> <span class='ocrx_word' id='word_1_399' title='bbox 851 3259 974 3319; x_wconf 87' lang='lat' dir='ltr'><strong>Catone:</strong></span> <span class='ocrx_word' id='word_1_400' title='bbox 990 3262 1063 3320; x_wconf 90' lang='lat' dir='ltr'><strong>ideo-</strong></span> <span class='ocrx_word' id='word_1_401' title='bbox 1113 3265 1265 3321; x_wconf 89' lang='lat' dir='ltr'><strong>crcderent.</strong></span> <span class='ocrx_word' id='word_1_402' title='bbox 1281 3262 1382 3319; x_wconf 86' lang='lat' dir='ltr'><strong>Eadem</strong></span> <span class='ocrx_word' id='word_1_403' title='bbox 1398 3264 1442 3319; x_wconf 90' lang='lat' dir='ltr'><strong>die</strong></span> <span class='ocrx_word' id='word_1_404' title='bbox 1455 3262 1525 3319; x_wconf 77' lang='lat' dir='ltr'><strong>datae</strong></span> <span class='ocrx_word' id='word_1_405' title='bbox 1540 3262 1652 3318; x_wconf 89' lang='lat' dir='ltr'><strong>fuerunt</strong></span> <span class='ocrx_word' id='word_1_406' title='bbox 1675 3262 1711 3328; x_wconf 86' lang='lat' dir='ltr'><strong>ei,</strong></span> <span class='ocrx_word' id='word_1_407' title='bbox 1727 3277 1791 3318; x_wconf 89' lang='lat' dir='ltr'><strong>eum</strong></span> <span class='ocrx_word' id='word_1_408' title='bbox 1807 3261 1859 3319; x_wconf 89' lang='lat' dir='ltr'><strong>iret</strong></span> <span class='ocrx_word' id='word_1_409' title='bbox 1872 3262 1902 3320; x_wconf 92' lang='lat' dir='ltr'><strong>ia</strong></span> 
     </span>
     <span class='ocr_line' id='line_1_31' title="bbox 275 3347 1899 3428; baseline 0.006 -26"><span class='ocrx_word' id='word_1_410' title='bbox 275 3363 330 3418; x_wconf 80' lang='lat' dir='ltr'><strong>que</strong></span> <span class='ocrx_word' id='word_1_411' title='bbox 345 3347 434 3405; x_wconf 88' lang='lat' dir='ltr'><strong>Julius</strong></span> <span class='ocrx_word' id='word_1_412' title='bbox 455 3349 548 3405; x_wconf 84' lang='lat' dir='ltr'><strong>Caesar</strong></span> <span class='ocrx_word' id='word_1_413' title='bbox 564 3351 649 3406; x_wconf 86' lang='lat' dir='ltr'><strong>sohtt</strong></span> <span class='ocrx_word' id='word_1_414' title='bbox 673 3350 863 3408; x_wconf 79' lang='lat' dir='ltr'><strong>Aristobulum</strong></span> <span class='ocrx_word' id='word_1_415' title='bbox 881 3353 976 3410; x_wconf 74' lang='lat' dir='ltr'><strong>homae</strong></span> <span class='ocrx_word' id='word_1_416' title='bbox 993 3356 1062 3427; x_wconf 88' lang='lat' dir='ltr'><strong>liga·</strong></span> <span class='ocrx_word' id='word_1_417' title='bbox 1074 3364 1098 3427; x_wconf 80' lang='lat' dir='ltr'>c</span> <span class='ocrx_word' id='word_1_418' title='bbox 1112 3356 1289 3428; x_wconf 85' lang='lat' dir='ltr'><strong>Capitolium,</strong></span> <span class='ocrx_word' id='word_1_419' title='bbox 1315 3356 1412 3412; x_wconf 77' lang='lat' dir='ltr'><strong>litterae</strong></span> <span class='ocrx_word' id='word_1_420' title='bbox 1437 3357 1534 3412; x_wconf 86' lang='lat' dir='ltr'><strong>mortis</strong></span> <span class='ocrx_word' id='word_1_421' title='bbox 1562 3355 1676 3421; x_wconf 84' lang='lat' dir='ltr'><strong>indices,</strong></span> <span class='ocrx_word' id='word_1_422' title='bbox 1691 3370 1752 3426; x_wconf 80' lang='lat' dir='ltr'><strong>qum</strong></span> <span class='ocrx_word' id='word_1_423' title='bbox 1767 3354 1795 3410; x_wconf 89' lang='lat' dir='ltr'><strong>ln</strong></span> <span class='ocrx_word' id='word_1_424' title='bbox 1814 3370 1899 3412; x_wconf 86' lang='lat' dir='ltr'><strong>manu</strong></span> 
     </span>
     <span class='ocr_line' id='line_1_32' title="bbox 275 3441 1901 3516; baseline 0.004 -21"><span class='ocrx_word' id='word_1_425' title='bbox 275 3451 345 3506; x_wconf 91' lang='lat' dir='ltr'><strong>tum,</strong></span> <span class='ocrx_word' id='word_1_426' title='bbox 359 3449 387 3495; x_wconf 90' lang='lat' dir='ltr'><strong>ct</strong></span> <span class='ocrx_word' id='word_1_427' title='bbox 398 3441 510 3497; x_wconf 86' lang='lat' dir='ltr'><strong>mittens</strong></span> <span class='ocrx_word' id='word_1_428' title='bbox 521 3458 585 3499; x_wconf 91' lang='lat' dir='ltr'><strong>cum</strong></span> <span class='ocrx_word' id='word_1_429' title='bbox 599 3444 720 3499; x_wconf 81' lang='lat' dir='ltr'><strong>exercitu</strong></span> <span class='ocrx_word' id='word_1_430' title='bbox 737 3444 865 3516; x_wconf 87' lang='lat' dir='ltr'><strong>sperabat</strong></span> <span class='ocrx_word' id='word_1_431' title='bbox 879 3448 1004 3504; x_wconf 88' lang='lat' dir='ltr'><strong>obtinere</strong></span> <span class='ocrx_word' id='word_1_432' title='bbox 1018 3448 1061 3504; x_wconf 83' lang='lat' dir='ltr'><strong>ri·</strong></span> <span class='ocrx_word' id='word_1_433' title='bbox 1113 3450 1197 3506; x_wconf 87' lang='lat' dir='ltr'><strong>occisi</strong></span> <span class='ocrx_word' id='word_1_434' title='bbox 1211 3449 1332 3504; x_wconf 92' lang='lat' dir='ltr'><strong>nondum</strong></span> <span class='ocrx_word' id='word_1_435' title='bbox 1354 3449 1450 3505; x_wconf 82' lang='lat' dir='ltr'><strong>solntm</strong></span> <span class='ocrx_word' id='word_1_436' title='bbox 1466 3447 1578 3504; x_wconf 90' lang='lat' dir='ltr'><strong>fuerunt</strong></span> <span class='ocrx_word' id='word_1_437' title='bbox 1597 3447 1722 3502; x_wconf 75' lang='lat' dir='ltr'><strong>inventae.</strong></span> <span class='ocrx_word' id='word_1_438' title='bbox 1743 3445 1808 3502; x_wconf 83' lang='lat' dir='ltr'><strong>Post</strong></span> <span class='ocrx_word' id='word_1_439' title='bbox 1824 3461 1901 3503; x_wconf 89' lang='lat' dir='ltr'><strong>mor·</strong></span> 
     </span>
     <span class='ocr_line' id='line_1_33' title="bbox 275 3533 1902 3613; baseline 0.004 -24"><span class='ocrx_word' id='word_1_440' title='bbox 275 3533 412 3600; x_wconf 72' lang='lat' dir='ltr'><strong>utorium,</strong></span> <span class='ocrx_word' id='word_1_441' title='bbox 429 3533 476 3588; x_wconf 89' lang='lat' dir='ltr'><strong>sed</strong></span> <span class='ocrx_word' id='word_1_442' title='bbox 490 3533 526 3588; x_wconf 87' lang='lat' dir='ltr'><strong>ab</strong></span> <span class='ocrx_word' id='word_1_443' title='bbox 540 3534 636 3590; x_wconf 83' lang='lat' dir='ltr'><strong>amicis</strong></span> <span class='ocrx_word' id='word_1_444' title='bbox 647 3533 769 3607; x_wconf 89' lang='lat' dir='ltr'><strong>Pompeil</strong></span> <span class='ocrx_word' id='word_1_445' title='bbox 781 3538 865 3594; x_wconf 88' lang='lat' dir='ltr'><strong>occisi</strong></span> <span class='ocrx_word' id='word_1_446' title='bbox 878 3551 944 3596; x_wconf 90' lang='lat' dir='ltr'><strong>sunt</strong></span> <span class='ocrx_word' id='word_1_447' title='bbox 955 3540 1062 3600; x_wconf 89' lang='lat' dir='ltr'><strong>Aristo-</strong></span> <span class='ocrx_word' id='word_1_448' title='bbox 1113 3551 1167 3599; x_wconf 87' lang='lat' dir='ltr'><strong>tem</strong></span> <span class='ocrx_word' id='word_1_449' title='bbox 1183 3542 1244 3613; x_wconf 82' lang='lat' dir='ltr'><strong>ejus</strong></span> <span class='ocrx_word' id='word_1_450' title='bbox 1256 3554 1313 3599; x_wconf 88' lang='lat' dir='ltr'><strong>tres</strong></span> <span class='ocrx_word' id='word_1_451' title='bbox 1328 3542 1401 3599; x_wconf 90' lang='lat' dir='ltr'><strong>soles</strong></span> <span class='ocrx_word' id='word_1_452' title='bbox 1422 3549 1608 3613; x_wconf 88' lang='lat' dir='ltr'><strong>apparuerunt</strong></span> <span class='ocrx_word' id='word_1_453' title='bbox 1623 3539 1650 3594; x_wconf 93' lang='lat' dir='ltr'><strong>in</strong></span> <span class='ocrx_word' id='word_1_454' title='bbox 1667 3539 1782 3606; x_wconf 89' lang='lat' dir='ltr'><strong>oriente,</strong></span> <span class='ocrx_word' id='word_1_455' title='bbox 1797 3554 1902 3596; x_wconf 88' lang='lat' dir='ltr'><strong>conre-</strong></span> 
     </span>
     <span class='ocr_line' id='line_1_34' title="bbox 275 3617 1901 3705; baseline 0.01 -33"><span class='ocrx_word' id='word_1_456' title='bbox 275 3617 368 3681; x_wconf 85' lang='lat' dir='ltr'><strong>bulus,</strong></span> <span class='ocrx_word' id='word_1_457' title='bbox 391 3627 419 3674; x_wconf 88' lang='lat' dir='ltr'><strong>et</strong></span> <span class='ocrx_word' id='word_1_458' title='bbox 432 3619 584 3676; x_wconf 81' lang='lat' dir='ltr'><strong>Alexander</strong></span> <span class='ocrx_word' id='word_1_459' title='bbox 600 3622 674 3680; x_wconf 87' lang='lat' dir='ltr'><strong>lilius</strong></span> <span class='ocrx_word' id='word_1_460' title='bbox 701 3624 770 3694; x_wconf 83' lang='lat' dir='ltr'><strong>ejus.</strong></span> <span class='ocrx_word' id='word_1_461' title='bbox 797 3626 875 3685; x_wconf 88' lang='lat' dir='ltr'><strong>Alius</strong></span> <span class='ocrx_word' id='word_1_462' title='bbox 901 3645 966 3685; x_wconf 80' lang='lat' dir='ltr'><strong>vero</strong></span> <span class='ocrx_word' id='word_1_463' title='bbox 989 3631 1062 3691; x_wconf 89' lang='lat' dir='ltr'><strong>lilius</strong></span> <span class='ocrx_word' id='word_1_464' title='bbox 1112 3636 1220 3691; x_wconf 82' lang='lat' dir='ltr'><strong>aientes</strong></span> <span class='ocrx_word' id='word_1_465' title='bbox 1235 3635 1262 3690; x_wconf 90' lang='lat' dir='ltr'><strong>in</strong></span> <span class='ocrx_word' id='word_1_466' title='bbox 1277 3651 1364 3691; x_wconf 92' lang='lat' dir='ltr'><strong>unum</strong></span> <span class='ocrx_word' id='word_1_467' title='bbox 1379 3649 1481 3705; x_wconf 87' lang='lat' dir='ltr'><strong>corpus</strong></span> <span class='ocrx_word' id='word_1_468' title='bbox 1501 3633 1601 3698; x_wconf 91' lang='lat' dir='ltr'><strong>solare,</strong></span> <span class='ocrx_word' id='word_1_469' title='bbox 1618 3632 1804 3703; x_wconf 81' lang='lat' dir='ltr'><strong>significantes</strong></span> <span class='ocrx_word' id='word_1_470' title='bbox 1825 3631 1901 3702; x_wconf 77' lang='lat' dir='ltr'><strong>quod</strong></span> 
     </span>
     <span class='ocr_line' id='line_1_35' title="bbox 275 3709 1901 3798; baseline 0.01 -36"><span class='ocrx_word' id='word_1_471' title='bbox 275 3709 430 3780; x_wconf 76' lang='lat' dir='ltr'><strong>Antigonus</strong></span> <span class='ocrx_word' id='word_1_472' title='bbox 447 3709 518 3781; x_wconf 87' lang='lat' dir='ltr'><strong>fugit</strong></span> <span class='ocrx_word' id='word_1_473' title='bbox 531 3712 565 3766; x_wconf 87' lang='lat' dir='ltr'><strong>ad</strong></span> <span class='ocrx_word' id='word_1_474' title='bbox 579 3713 725 3782; x_wconf 88' lang='lat' dir='ltr'><strong>qtrerudam</strong></span> <span class='ocrx_word' id='word_1_475' title='bbox 742 3714 930 3786; x_wconf 84' lang='lat' dir='ltr'><strong>Ptolemaeum,</strong></span> <span class='ocrx_word' id='word_1_476' title='bbox 952 3723 1000 3793; x_wconf 86' lang='lat' dir='ltr'><strong>qui</strong></span> <span class='ocrx_word' id='word_1_477' title='bbox 1014 3741 1058 3781; x_wconf 89' lang='lat' dir='ltr'><strong>ac·</strong></span> <span class='ocrx_word' id='word_1_478' title='bbox 1112 3728 1196 3784; x_wconf 88' lang='lat' dir='ltr'><strong>trium</strong></span> <span class='ocrx_word' id='word_1_479' title='bbox 1209 3735 1359 3798; x_wconf 87' lang='lat' dir='ltr'><strong>potestates</strong></span> <span class='ocrx_word' id='word_1_480' title='bbox 1369 3726 1490 3781; x_wconf 87' lang='lat' dir='ltr'><strong>redirent</strong></span> <span class='ocrx_word' id='word_1_481' title='bbox 1506 3726 1532 3781; x_wconf 92' lang='lat' dir='ltr'><strong>in</strong></span> <span class='ocrx_word' id='word_1_482' title='bbox 1545 3723 1744 3790; x_wconf 88' lang='lat' dir='ltr'><strong>monarchiam,</strong></span> <span class='ocrx_word' id='word_1_483' title='bbox 1756 3724 1797 3779; x_wconf 85' lang='lat' dir='ltr'><strong>rel</strong></span> <span class='ocrx_word' id='word_1_484' title='bbox 1813 3723 1901 3797; x_wconf 86' lang='lat' dir='ltr'><strong>signi-</strong></span> 
     </span>
     <span class='ocr_line' id='line_1_36' title="bbox 274 3800 1899 3890; baseline 0.011 -36"><span class='ocrx_word' id='word_1_485' title='bbox 274 3800 348 3871; x_wconf 89' lang='lat' dir='ltr'><strong>eepit</strong></span> <span class='ocrx_word' id='word_1_486' title='bbox 369 3817 489 3857; x_wconf 87' lang='lat' dir='ltr'><strong>sororem</strong></span> <span class='ocrx_word' id='word_1_487' title='bbox 504 3803 631 3875; x_wconf 75' lang='lat' dir='ltr'><strong>Antigoni</strong></span> <span class='ocrx_word' id='word_1_488' title='bbox 658 3823 783 3875; x_wconf 82' lang='lat' dir='ltr'><strong>uxorem,</strong></span> <span class='ocrx_word' id='word_1_489' title='bbox 807 3819 835 3866; x_wconf 88' lang='lat' dir='ltr'><strong>et</strong></span> <span class='ocrx_word' id='word_1_490' title='bbox 859 3815 955 3884; x_wconf 90' lang='lat' dir='ltr'><strong>genuit</strong></span> <span class='ocrx_word' id='word_1_491' title='bbox 976 3814 1062 3890; x_wconf 75' lang='lat' dir='ltr'><strong>Lysa·</strong></span> <span class='ocrx_word' id='word_1_492' title='bbox 1113 3819 1226 3876; x_wconf 88' lang='lat' dir='ltr'><strong>deantes</strong></span> <span class='ocrx_word' id='word_1_493' title='bbox 1248 3819 1322 3890; x_wconf 84' lang='lat' dir='ltr'><strong>quod</strong></span> <span class='ocrx_word' id='word_1_494' title='bbox 1341 3818 1439 3874; x_wconf 88' lang='lat' dir='ltr'><strong>notitia</strong></span> <span class='ocrx_word' id='word_1_495' title='bbox 1464 3816 1529 3875; x_wconf 92' lang='lat' dir='ltr'><strong>trini</strong></span> <span class='ocrx_word' id='word_1_496' title='bbox 1555 3815 1680 3872; x_wconf 89' lang='lat' dir='ltr'><strong>etunius</strong></span> <span class='ocrx_word' id='word_1_497' title='bbox 1704 3815 1751 3871; x_wconf 87' lang='lat' dir='ltr'><strong>Uei</strong></span> <span class='ocrx_word' id='word_1_498' title='bbox 1772 3815 1822 3871; x_wconf 92' lang='lat' dir='ltr'><strong>toti</strong></span> <span class='ocrx_word' id='word_1_499' title='bbox 1837 3816 1899 3873; x_wconf 89' lang='lat' dir='ltr'><strong>orbi</strong></span> 
     </span>
     <span class='ocr_line' id='line_1_37' title="bbox 276 3893 1898 3970; baseline 0.012 -24"><span class='ocrx_word' id='word_1_500' title='bbox 276 3893 363 3956; x_wconf 85' lang='lat' dir='ltr'><strong>niam,</strong></span> <span class='ocrx_word' id='word_1_501' title='bbox 381 3895 428 3963; x_wconf 86' lang='lat' dir='ltr'><strong>qni</strong></span> <span class='ocrx_word' id='word_1_502' title='bbox 445 3904 507 3966; x_wconf 89' lang='lat' dir='ltr'><strong>post</strong></span> <span class='ocrx_word' id='word_1_503' title='bbox 518 3894 569 3950; x_wconf 87' lang='lat' dir='ltr'><strong>init</strong></span> <span class='ocrx_word' id='word_1_504' title='bbox 583 3897 699 3955; x_wconf 78' lang='lat' dir='ltr'><strong>Abilinm</strong></span> <span class='ocrx_word' id='word_1_505' title='bbox 719 3905 869 3960; x_wconf 85' lang='lat' dir='ltr'><strong>tetrarcha.</strong></span> <span class='ocrx_word' id='word_1_506' title='bbox 886 3905 919 3964; x_wconf 86' lang='lat' dir='ltr'><strong>Et</strong></span> <span class='ocrx_word' id='word_1_507' title='bbox 933 3924 1062 3970; x_wconf 86' lang='lat' dir='ltr'><strong>reversus</strong></span> <span class='ocrx_word' id='word_1_508' title='bbox 1113 3912 1274 3968; x_wconf 87' lang='lat' dir='ltr'><strong>imminebat</strong></span> <span class='ocrx_word' id='word_1_509' title='bbox 1287 3910 1391 3967; x_wconf 89' lang='lat' dir='ltr'><strong>futura.</strong></span> <span class='ocrx_word' id='word_1_510' title='bbox 1408 3909 1502 3966; x_wconf 83' lang='lat' dir='ltr'><strong>Rornae</strong></span> <span class='ocrx_word' id='word_1_511' title='bbox 1516 3909 1632 3966; x_wconf 81' lang='lat' dir='ltr'><strong>basilica</strong></span> <span class='ocrx_word' id='word_1_512' title='bbox 1657 3908 1728 3964; x_wconf 86' lang='lat' dir='ltr'><strong>tetta</strong></span> <span class='ocrx_word' id='word_1_513' title='bbox 1744 3909 1898 3966; x_wconf 84' lang='lat' dir='ltr'><strong>dedicatur.</strong></span> 
     </span>
     <span class='ocr_line' id='line_1_38' title="bbox 273 3990 1898 4072; baseline 0.008 -28"><span class='ocrx_word' id='word_1_514' title='bbox 273 3990 412 4047; x_wconf 82' lang='lat' dir='ltr'><strong>Juliusad</strong></span> <span class='ocrx_word' id='word_1_515' title='bbox 435 3997 585 4050; x_wconf 77' lang='lat' dir='ltr'><strong>eser-citum</strong></span> <span class='ocrx_word' id='word_1_516' title='bbox 615 4008 711 4055; x_wconf 88' lang='lat' dir='ltr'><strong>eontra</strong></span> <span class='ocrx_word' id='word_1_517' title='bbox 735 4001 852 4072; x_wconf 89' lang='lat' dir='ltr'><strong>patriam</strong></span> <span class='ocrx_word' id='word_1_518' title='bbox 878 4017 907 4058; x_wconf 88' lang='lat' dir='ltr'><strong>se</strong></span> <span class='ocrx_word' id='word_1_519' title='bbox 933 4004 1059 4061; x_wconf 88' lang='lat' dir='ltr'><strong>armarit.</strong></span> <span class='ocrx_word' id='word_1_520' title='bbox 1112 4003 1250 4060; x_wconf 89' lang='lat' dir='ltr'><strong>Antonius</strong></span> <span class='ocrx_word' id='word_1_521' title='bbox 1274 4018 1395 4058; x_wconf 89' lang='lat' dir='ltr'><strong>mensem</strong></span> <span class='ocrx_word' id='word_1_522' title='bbox 1424 4000 1573 4070; x_wconf 83' lang='lat' dir='ltr'><strong>Quintilem</strong></span> <span class='ocrx_word' id='word_1_523' title='bbox 1597 4000 1701 4056; x_wconf 83' lang='lat' dir='ltr'><strong>tultum</strong></span> <span class='ocrx_word' id='word_1_524' title='bbox 1724 4002 1898 4071; x_wconf 88' lang='lat' dir='ltr'><strong>nominarit,</strong></span> 
     </span>
     <span class='ocr_line' id='line_1_39' title="bbox 274 4079 1901 4169; baseline 0.01 -33"><span class='ocrx_word' id='word_1_525' title='bbox 274 4079 533 4152; x_wconf 85' lang='lat' dir='ltr'><strong>Pompeiusautenr.</strong></span> <span class='ocrx_word' id='word_1_526' title='bbox 546 4097 573 4142; x_wconf 90' lang='lat' dir='ltr'><strong>et</strong></span> <span class='ocrx_word' id='word_1_527' title='bbox 585 4090 674 4146; x_wconf 77' lang='lat' dir='ltr'><strong>oannis</strong></span> <span class='ocrx_word' id='word_1_528' title='bbox 690 4100 811 4157; x_wconf 89' lang='lat' dir='ltr'><strong>senatus,</strong></span> <span class='ocrx_word' id='word_1_529' title='bbox 826 4102 855 4148; x_wconf 90' lang='lat' dir='ltr'><strong>et</strong></span> <span class='ocrx_word' id='word_1_530' title='bbox 868 4093 996 4150; x_wconf 81' lang='lat' dir='ltr'><strong>universa</strong></span> <span class='ocrx_word' id='word_1_531' title='bbox 1011 4110 1059 4151; x_wconf 92' lang='lat' dir='ltr'><strong>no-</strong></span> <span class='ocrx_word' id='word_1_532' title='bbox 1111 4097 1176 4169; x_wconf 82' lang='lat' dir='ltr'><strong>quia</strong></span> <span class='ocrx_word' id='word_1_533' title='bbox 1194 4097 1222 4151; x_wconf 89' lang='lat' dir='ltr'><strong>in</strong></span> <span class='ocrx_word' id='word_1_534' title='bbox 1233 4110 1266 4151; x_wconf 91' lang='lat' dir='ltr'><strong>eo</strong></span> <span class='ocrx_word' id='word_1_535' title='bbox 1281 4110 1374 4152; x_wconf 88' lang='lat' dir='ltr'><strong>mense</strong></span> <span class='ocrx_word' id='word_1_536' title='bbox 1388 4095 1479 4151; x_wconf 87' lang='lat' dir='ltr'><strong>Julius</strong></span> <span class='ocrx_word' id='word_1_537' title='bbox 1493 4104 1574 4151; x_wconf 88' lang='lat' dir='ltr'><strong>natus</strong></span> <span class='ocrx_word' id='word_1_538' title='bbox 1591 4105 1642 4151; x_wconf 90' lang='lat' dir='ltr'><strong>est.</strong></span> <span class='ocrx_word' id='word_1_539' title='bbox 1666 4094 1713 4150; x_wconf 86' lang='lat' dir='ltr'><strong>llis</strong></span> <span class='ocrx_word' id='word_1_540' title='bbox 1729 4095 1901 4166; x_wconf 90' lang='lat' dir='ltr'><strong>temporibus</strong></span> 
     </span>
     <span class='ocr_line' id='line_1_40' title="bbox 274 4173 1898 4255; baseline 0.009 -27"><span class='ocrx_word' id='word_1_541' title='bbox 274 4173 372 4228; x_wconf 83' lang='lat' dir='ltr'><strong>billum</strong></span> <span class='ocrx_word' id='word_1_542' title='bbox 396 4176 544 4232; x_wconf 89' lang='lat' dir='ltr'><strong>multitudo</strong></span> <span class='ocrx_word' id='word_1_543' title='bbox 566 4180 600 4234; x_wconf 89' lang='lat' dir='ltr'><strong>de</strong></span> <span class='ocrx_word' id='word_1_544' title='bbox 616 4179 689 4237; x_wconf 90' lang='lat' dir='ltr'><strong>Urbe</strong></span> <span class='ocrx_word' id='word_1_545' title='bbox 704 4182 822 4255; x_wconf 79' lang='lat' dir='ltr'><strong>aufugit,</strong></span> <span class='ocrx_word' id='word_1_546' title='bbox 835 4193 862 4239; x_wconf 89' lang='lat' dir='ltr'><strong>et</strong></span> <span class='ocrx_word' id='word_1_547' title='bbox 879 4185 906 4239; x_wconf 91' lang='lat' dir='ltr'><strong>in</strong></span> <span class='ocrx_word' id='word_1_548' title='bbox 926 4184 1059 4243; x_wconf 78' lang='lat' dir='ltr'><strong>Graeciam</strong></span> <span class='ocrx_word' id='word_1_549' title='bbox 1111 4188 1229 4245; x_wconf 87' lang='lat' dir='ltr'><strong>boresio</strong></span> <span class='ocrx_word' id='word_1_550' title='bbox 1245 4188 1402 4244; x_wconf 82' lang='lat' dir='ltr'><strong>suburbano</strong></span> <span class='ocrx_word' id='word_1_551' title='bbox 1417 4187 1511 4243; x_wconf 79' lang='lat' dir='ltr'><strong>Romae</strong></span> <span class='ocrx_word' id='word_1_552' title='bbox 1522 4187 1556 4243; x_wconf 88' lang='lat' dir='ltr'><strong>ad</strong></span> <span class='ocrx_word' id='word_1_553' title='bbox 1572 4196 1707 4244; x_wconf 88' lang='lat' dir='ltr'><strong>aratorem</strong></span> <span class='ocrx_word' id='word_1_554' title='bbox 1723 4187 1807 4243; x_wconf 89' lang='lat' dir='ltr'><strong>locuti</strong></span> <span class='ocrx_word' id='word_1_555' title='bbox 1820 4194 1898 4253; x_wconf 89' lang='lat' dir='ltr'><strong>sunt,</strong></span> 
     </span>
     <span class='ocr_line' id='line_1_41' title="bbox 274 4267 1899 4352; baseline 0.012 -32"><span class='ocrx_word' id='word_1_556' title='bbox 274 4267 412 4336; x_wconf 78' lang='lat' dir='ltr'><strong>transisit,</strong></span> <span class='ocrx_word' id='word_1_557' title='bbox 424 4279 452 4324; x_wconf 90' lang='lat' dir='ltr'><strong>et</strong></span> <span class='ocrx_word' id='word_1_558' title='bbox 465 4284 559 4326; x_wconf 87' lang='lat' dir='ltr'><strong>eontra</strong></span> <span class='ocrx_word' id='word_1_559' title='bbox 572 4270 708 4329; x_wconf 75' lang='lat' dir='ltr'><strong>Caesarem</strong></span> <span class='ocrx_word' id='word_1_560' title='bbox 724 4276 824 4332; x_wconf 86' lang='lat' dir='ltr'><strong>bellum</strong></span> <span class='ocrx_word' id='word_1_561' title='bbox 837 4279 952 4347; x_wconf 88' lang='lat' dir='ltr'><strong>paravit.</strong></span> <span class='ocrx_word' id='word_1_562' title='bbox 969 4279 1060 4336; x_wconf 81' lang='lat' dir='ltr'><strong>Caesar</strong></span> <span class='ocrx_word' id='word_1_563' title='bbox 1111 4280 1212 4336; x_wconf 89' lang='lat' dir='ltr'><strong>frustra</strong></span> <span class='ocrx_word' id='word_1_564' title='bbox 1224 4296 1253 4338; x_wconf 91' lang='lat' dir='ltr'><strong>se</strong></span> <span class='ocrx_word' id='word_1_565' title='bbox 1266 4282 1356 4352; x_wconf 86' lang='lat' dir='ltr'><strong>urgeri</strong></span> <span class='ocrx_word' id='word_1_566' title='bbox 1371 4281 1502 4345; x_wconf 90' lang='lat' dir='ltr'><strong>dicentes,</strong></span> <span class='ocrx_word' id='word_1_567' title='bbox 1518 4280 1605 4351; x_wconf 85' lang='lat' dir='ltr'><strong>rrtagis</strong></span> <span class='ocrx_word' id='word_1_568' title='bbox 1618 4279 1759 4337; x_wconf 88' lang='lat' dir='ltr'><strong>defuturos</strong></span> <span class='ocrx_word' id='word_1_569' title='bbox 1771 4281 1899 4339; x_wconf 88' lang='lat' dir='ltr'><strong>homines</strong></span> 
     </span>
     <span class='ocr_line' id='line_1_42' title="bbox 274 4358 1898 4449; baseline 0.014 -38"><span class='ocrx_word' id='word_1_570' title='bbox 274 4358 369 4429; x_wconf 81' lang='lat' dir='ltr'><strong>utique</strong></span> <span class='ocrx_word' id='word_1_571' title='bbox 380 4376 494 4417; x_wconf 87' lang='lat' dir='ltr'><strong>vacuam</strong></span> <span class='ocrx_word' id='word_1_572' title='bbox 508 4361 765 4437; x_wconf 87' lang='lat' dir='ltr'><strong>Urbemingrcssus,</strong></span> <span class='ocrx_word' id='word_1_573' title='bbox 775 4371 971 4427; x_wconf 88' lang='lat' dir='ltr'><strong>sedictatorem</strong></span> <span class='ocrx_word' id='word_1_574' title='bbox 985 4372 1058 4431; x_wconf 88' lang='lat' dir='ltr'><strong>lecit.</strong></span> <span class='ocrx_word' id='word_1_575' title='bbox 1111 4392 1194 4448; x_wconf 89' lang='lat' dir='ltr'><strong>quam</strong></span> <span class='ocrx_word' id='word_1_576' title='bbox 1209 4373 1356 4432; x_wconf 89' lang='lat' dir='ltr'><strong>frumenta.</strong></span> <span class='ocrx_word' id='word_1_577' title='bbox 1368 4373 1449 4442; x_wconf 86' lang='lat' dir='ltr'><strong>Nota,</strong></span> <span class='ocrx_word' id='word_1_578' title='bbox 1459 4374 1620 4446; x_wconf 88' lang='lat' dir='ltr'><strong>Pompeium</strong></span> <span class='ocrx_word' id='word_1_579' title='bbox 1635 4374 1662 4430; x_wconf 92' lang='lat' dir='ltr'><strong>in</strong></span> <span class='ocrx_word' id='word_1_580' title='bbox 1677 4373 1794 4449; x_wconf 80' lang='lat' dir='ltr'><strong>AEgypto</strong></span> <span class='ocrx_word' id='word_1_581' title='bbox 1808 4374 1898 4434; x_wconf 87' lang='lat' dir='ltr'><strong>aPto·</strong></span> 
     </span>
     <span class='ocr_line' id='line_1_43' title="bbox 274 4449 1898 4543; baseline 0.015 -40"><span class='ocrx_word' id='word_1_582' title='bbox 274 4449 338 4505; x_wconf 87' lang='lat' dir='ltr'><strong>inde</strong></span> <span class='ocrx_word' id='word_1_583' title='bbox 352 4452 455 4511; x_wconf 88' lang='lat' dir='ltr'><strong>radens</strong></span> <span class='ocrx_word' id='word_1_584' title='bbox 471 4456 497 4511; x_wconf 92' lang='lat' dir='ltr'><strong>in</strong></span> <span class='ocrx_word' id='word_1_585' title='bbox 513 4455 686 4528; x_wconf 88' lang='lat' dir='ltr'><strong>liispaniam,</strong></span> <span class='ocrx_word' id='word_1_586' title='bbox 701 4462 851 4517; x_wconf 81' lang='lat' dir='ltr'><strong>exercitum</strong></span> <span class='ocrx_word' id='word_1_587' title='bbox 874 4463 996 4535; x_wconf 89' lang='lat' dir='ltr'><strong>Pompeii</strong></span> <span class='ocrx_word' id='word_1_588' title='bbox 1013 4482 1060 4522; x_wconf 83' lang='lat' dir='ltr'><strong>su·</strong></span> <span class='ocrx_word' id='word_1_589' title='bbox 1111 4471 1207 4526; x_wconf 73' lang='lat' dir='ltr'><strong>lemno</strong></span> <span class='ocrx_word' id='word_1_590' title='bbox 1222 4485 1286 4543; x_wconf 87' lang='lat' dir='ltr'><strong>rege</strong></span> <span class='ocrx_word' id='word_1_591' title='bbox 1307 4469 1417 4542; x_wconf 76' lang='lat' dir='ltr'><strong>AEgypti</strong></span> <span class='ocrx_word' id='word_1_592' title='bbox 1430 4469 1551 4525; x_wconf 89' lang='lat' dir='ltr'><strong>occisum</strong></span> <span class='ocrx_word' id='word_1_593' title='bbox 1574 4484 1646 4536; x_wconf 87' lang='lat' dir='ltr'><strong>esse,</strong></span> <span class='ocrx_word' id='word_1_594' title='bbox 1662 4484 1725 4525; x_wconf 86' lang='lat' dir='ltr'><strong>curn</strong></span> <span class='ocrx_word' id='word_1_595' title='bbox 1748 4468 1898 4540; x_wconf 89' lang='lat' dir='ltr'><strong>Pompeius</strong></span> 
     </span>
     <span class='ocr_line' id='line_1_44' title="bbox 273 4546 1897 4633; baseline 0.013 -35"><span class='ocrx_word' id='word_1_596' title='bbox 273 4546 388 4614; x_wconf 85' lang='lat' dir='ltr'><strong>perurit.</strong></span> <span class='ocrx_word' id='word_1_597' title='bbox 409 4546 473 4605; x_wconf 89' lang='lat' dir='ltr'><strong>lude</strong></span> <span class='ocrx_word' id='word_1_598' title='bbox 488 4553 625 4610; x_wconf 88' lang='lat' dir='ltr'><strong>transiens</strong></span> <span class='ocrx_word' id='word_1_599' title='bbox 641 4553 668 4609; x_wconf 93' lang='lat' dir='ltr'><strong>in</strong></span> <span class='ocrx_word' id='word_1_600' title='bbox 691 4552 824 4612; x_wconf 76' lang='lat' dir='ltr'><strong>Graeciam</strong></span> <span class='ocrx_word' id='word_1_601' title='bbox 849 4574 911 4614; x_wconf 88' lang='lat' dir='ltr'><strong>curn</strong></span> <span class='ocrx_word' id='word_1_602' title='bbox 927 4557 1059 4632; x_wconf 89' lang='lat' dir='ltr'><strong>Pompeio</strong></span> <span class='ocrx_word' id='word_1_603' title='bbox 1110 4562 1144 4617; x_wconf 90' lang='lat' dir='ltr'><strong>ad</strong></span> <span class='ocrx_word' id='word_1_604' title='bbox 1167 4578 1229 4616; x_wconf 85' lang='lat' dir='ltr'><strong>eum</strong></span> <span class='ocrx_word' id='word_1_605' title='bbox 1254 4561 1423 4633; x_wconf 84' lang='lat' dir='ltr'><strong>confugeret.</strong></span> <span class='ocrx_word' id='word_1_606' title='bbox 1451 4559 1527 4617; x_wconf 90' lang='lat' dir='ltr'><strong>Unde</strong></span> <span class='ocrx_word' id='word_1_607' title='bbox 1551 4561 1719 4617; x_wconf 78' lang='lat' dir='ltr'><strong>Caesareurn</strong></span> <span class='ocrx_word' id='word_1_608' title='bbox 1736 4572 1897 4631; x_wconf 88' lang='lat' dir='ltr'><strong>persecutus</strong></span> 
     </span>
     <span class='ocr_line' id='line_1_45' title="bbox 273 4636 1898 4726; baseline 0.012 -36"><span class='ocrx_word' id='word_1_609' title='bbox 273 4637 301 4691; x_wconf 90' lang='lat' dir='ltr'><strong>ln</strong></span> <span class='ocrx_word' id='word_1_610' title='bbox 314 4636 452 4698; x_wconf 82' lang='lat' dir='ltr'><strong>AErrtathia</strong></span> <span class='ocrx_word' id='word_1_611' title='bbox 474 4643 624 4701; x_wconf 86' lang='lat' dir='ltr'><strong>dimicarit.</strong></span> <span class='ocrx_word' id='word_1_612' title='bbox 640 4644 717 4703; x_wconf 88' lang='lat' dir='ltr'><strong>Unde</strong></span> <span class='ocrx_word' id='word_1_613' title='bbox 731 4647 858 4707; x_wconf 84' lang='lat' dir='ltr'><strong>Lucarrus</strong></span> <span class='ocrx_word' id='word_1_614' title='bbox 873 4669 879 4705; x_wconf 91' lang='lat'><strong>:</strong></span> <span class='ocrx_word' id='word_1_615' title='bbox 1111 4654 1209 4710; x_wconf 91' lang='lat' dir='ltr'><strong>oceidit</strong></span> <span class='ocrx_word' id='word_1_616' title='bbox 1223 4652 1411 4719; x_wconf 81' lang='lat' dir='ltr'><strong>Ptolemaeum,</strong></span> <span class='ocrx_word' id='word_1_617' title='bbox 1431 4668 1480 4723; x_wconf 89' lang='lat' dir='ltr'><strong>pro</strong></span> <span class='ocrx_word' id='word_1_618' title='bbox 1494 4668 1527 4708; x_wconf 90' lang='lat' dir='ltr'><strong>eo</strong></span> <span class='ocrx_word' id='word_1_619' title='bbox 1543 4653 1615 4726; x_wconf 88' lang='lat' dir='ltr'><strong>quod</strong></span> <span class='ocrx_word' id='word_1_620' title='bbox 1628 4668 1713 4708; x_wconf 87' lang='lat' dir='ltr'><strong>ausus</strong></span> <span class='ocrx_word' id='word_1_621' title='bbox 1728 4652 1810 4709; x_wconf 86' lang='lat' dir='ltr'><strong>fuerit</strong></span> <span class='ocrx_word' id='word_1_622' title='bbox 1821 4654 1898 4725; x_wconf 85' lang='lat' dir='ltr'><strong>prin·</strong></span> 
     </span>
     <span class='ocr_line' id='line_1_46' title="bbox 307 4710 1897 4818; baseline 0.009 -31"><span class='ocrx_word' id='word_1_623' title='bbox 307 4729 383 4789; x_wconf 79' lang='lat' dir='ltr'><strong>betta</strong></span> <span class='ocrx_word' id='word_1_624' title='bbox 404 4751 452 4805; x_wconf 86' lang='lat' dir='ltr'><strong>per</strong></span> <span class='ocrx_word' id='word_1_625' title='bbox 464 4734 619 4795; x_wconf 84' lang='lat' dir='ltr'><strong>AEmutln&#39;os</strong></span> <span class='ocrx_word' id='word_1_626' title='bbox 645 4739 705 4811; x_wconf 88' lang='lat' dir='ltr'><strong>plus</strong></span> <span class='ocrx_word' id='word_1_627' title='bbox 727 4759 807 4813; x_wconf 82' lang='lat' dir='ltr'><strong>quarn</strong></span> <span class='ocrx_word' id='word_1_628' title='bbox 826 4744 916 4800; x_wconf 85' lang='lat' dir='ltr'><strong>ciuilio</strong></span> <span class='ocrx_word' id='word_1_629' title='bbox 939 4762 1056 4817; x_wconf 83' lang='lat' dir='ltr'><strong>compos.</strong></span> <span class='ocrx_word' id='word_1_630' title='bbox 1073 4710 1097 4766; x_wconf 70' lang='lat' dir='ltr'>D</span> <span class='ocrx_word' id='word_1_631' title='bbox 1110 4747 1197 4818; x_wconf 88' lang='lat' dir='ltr'><strong>cipem</strong></span> <span class='ocrx_word' id='word_1_632' title='bbox 1210 4746 1396 4803; x_wconf 79' lang='lat' dir='ltr'><strong>Rornanorum</strong></span> <span class='ocrx_word' id='word_1_633' title='bbox 1419 4746 1554 4804; x_wconf 87' lang='lat' dir='ltr'><strong>occidere.</strong></span> <span class='ocrx_word' id='word_1_634' title='bbox 1571 4744 1620 4803; x_wconf 87' lang='lat' dir='ltr'><strong>llis</strong></span> <span class='ocrx_word' id='word_1_635' title='bbox 1636 4747 1815 4818; x_wconf 85' lang='lat' dir='ltr'><strong>temporibus,</strong></span> <span class='ocrx_word' id='word_1_636' title='bbox 1832 4745 1897 4803; x_wconf 87' lang='lat' dir='ltr'><strong>Ser-</strong></span> 
     </span>
     <span class='ocr_line' id='line_1_47' title="bbox 271 4823 1897 4912; baseline 0.01 -32"><span class='ocrx_word' id='word_1_637' title='bbox 271 4823 419 4897; x_wconf 87' lang='lat' dir='ltr'><strong>Pompeius</strong></span> <span class='ocrx_word' id='word_1_638' title='bbox 432 4828 522 4887; x_wconf 87' lang='lat' dir='ltr'><strong>rictus</strong></span> <span class='ocrx_word' id='word_1_639' title='bbox 538 4832 606 4904; x_wconf 86' lang='lat' dir='ltr'><strong>fugit</strong></span> <span class='ocrx_word' id='word_1_640' title='bbox 621 4832 648 4887; x_wconf 90' lang='lat' dir='ltr'><strong>in</strong></span> <span class='ocrx_word' id='word_1_641' title='bbox 661 4833 867 4902; x_wconf 82' lang='lat' dir='ltr'><strong>Alexandriam,</strong></span> <span class='ocrx_word' id='word_1_642' title='bbox 883 4848 942 4894; x_wconf 89' lang='lat' dir='ltr'><strong>uta</strong></span> <span class='ocrx_word' id='word_1_643' title='bbox 967 4839 1059 4898; x_wconf 90' lang='lat' dir='ltr'><strong>Ptole·</strong></span> <span class='ocrx_word' id='word_1_644' title='bbox 1109 4840 1171 4896; x_wconf 89' lang='lat' dir='ltr'><strong>rius</strong></span> <span class='ocrx_word' id='word_1_645' title='bbox 1196 4838 1335 4911; x_wconf 88' lang='lat' dir='ltr'><strong>Sulpicius</strong></span> <span class='ocrx_word' id='word_1_646' title='bbox 1357 4840 1546 4912; x_wconf 86' lang='lat' dir='ltr'><strong>jurisperitus,</strong></span> <span class='ocrx_word' id='word_1_647' title='bbox 1571 4848 1599 4897; x_wconf 85' lang='lat' dir='ltr'><strong>et</strong></span> <span class='ocrx_word' id='word_1_648' title='bbox 1625 4840 1739 4897; x_wconf 91' lang='lat' dir='ltr'><strong>Publius</strong></span> <span class='ocrx_word' id='word_1_649' title='bbox 1763 4839 1897 4897; x_wconf 79' lang='lat' dir='ltr'><strong>Seruilius</strong></span> 
     </span>
     <span class='ocr_line' id='line_1_48' title="bbox 272 4922 1896 5006; baseline 0.01 -32"><span class='ocrx_word' id='word_1_650' title='bbox 272 4934 341 4975; x_wconf 79' lang='lat' dir='ltr'><strong>mmo</strong></span> <span class='ocrx_word' id='word_1_651' title='bbox 356 4937 420 4993; x_wconf 89' lang='lat' dir='ltr'><strong>rege</strong></span> <span class='ocrx_word' id='word_1_652' title='bbox 436 4922 544 4998; x_wconf 76' lang='lat' dir='ltr'><strong>AEgypti</strong></span> <span class='ocrx_word' id='word_1_653' title='bbox 562 4936 666 4997; x_wconf 88' lang='lat' dir='ltr'><strong>peteret</strong></span> <span class='ocrx_word' id='word_1_654' title='bbox 683 4929 827 4986; x_wconf 84' lang='lat' dir='ltr'><strong>auxilium.</strong></span> <span class='ocrx_word' id='word_1_655' title='bbox 848 4929 902 4987; x_wconf 88' lang='lat' dir='ltr'><strong>Sed</strong></span> <span class='ocrx_word' id='word_1_656' title='bbox 926 4943 952 4988; x_wconf 89' lang='lat' dir='ltr'><strong>et</strong></span> <span class='ocrx_word' id='word_1_657' title='bbox 965 4931 1058 4990; x_wconf 88' lang='lat' dir='ltr'><strong>Ptole·</strong></span> <span class='ocrx_word' id='word_1_658' title='bbox 1108 4931 1248 4989; x_wconf 87' lang='lat' dir='ltr'><strong>isauricus</strong></span> <span class='ocrx_word' id='word_1_659' title='bbox 1271 4932 1441 4991; x_wconf 87' lang='lat' dir='ltr'><strong>claruerunt.</strong></span> <span class='ocrx_word' id='word_1_660' title='bbox 1469 4932 1583 4992; x_wconf 86' lang='lat' dir='ltr'><strong>Cassius</strong></span> <span class='ocrx_word' id='word_1_661' title='bbox 1598 4936 1625 4990; x_wconf 92' lang='lat' dir='ltr'><strong>in</strong></span> <span class='ocrx_word' id='word_1_662' title='bbox 1652 4932 1745 4991; x_wconf 77' lang='lat' dir='ltr'><strong>turea</strong></span> <span class='ocrx_word' id='word_1_663' title='bbox 1763 4933 1896 5006; x_wconf 87' lang='lat' dir='ltr'><strong>ternplum</strong></span> 
     </span>
     <span class='ocr_line' id='line_1_49' title="bbox 272 5014 1251 5097; baseline 0.014 -31"><span class='ocrx_word' id='word_1_664' title='bbox 272 5026 357 5070; x_wconf 84' lang='lat' dir='ltr'><strong>maeus</strong></span> <span class='ocrx_word' id='word_1_665' title='bbox 369 5014 471 5071; x_wconf 91' lang='lat' dir='ltr'><strong>occidit</strong></span> <span class='ocrx_word' id='word_1_666' title='bbox 492 5033 567 5084; x_wconf 84' lang='lat' dir='ltr'><strong>ettnr,</strong></span> <span class='ocrx_word' id='word_1_667' title='bbox 588 5029 615 5075; x_wconf 91' lang='lat' dir='ltr'><strong>et</strong></span> <span class='ocrx_word' id='word_1_668' title='bbox 635 5030 759 5092; x_wconf 86' lang='lat' dir='ltr'><strong>caputet</strong></span> <span class='ocrx_word' id='word_1_669' title='bbox 777 5024 910 5079; x_wconf 86' lang='lat' dir='ltr'><strong>arrnulum</strong></span> <span class='ocrx_word' id='word_1_670' title='bbox 932 5025 1008 5082; x_wconf 85' lang='lat' dir='ltr'><strong>misit</strong></span> <span class='ocrx_word' id='word_1_671' title='bbox 1024 5027 1058 5084; x_wconf 89' lang='lat' dir='ltr'><strong>ad</strong></span> <span class='ocrx_word' id='word_1_672' title='bbox 1107 5025 1251 5097; x_wconf 83' lang='lat' dir='ltr'><strong>exspoliat.</strong></span> 
     </span>
     <span class='ocr_line' id='line_1_50' title="bbox 273 5102 1895 5218; baseline 0.006 -27"><span class='ocrx_word' id='word_1_673' title='bbox 273 5102 420 5161; x_wconf 54' lang='lat' dir='ltr'><strong>cmm·</strong></span> <span class='ocrx_word' id='word_1_674' title='bbox 447 5109 539 5215; x_wconf 46' lang='grc' dir='ltr'><strong>(ΜΨ</strong></span> <span class='ocrx_word' id='word_1_675' title='bbox 554 5122 646 5218; x_wconf 51' lang='grc' dir='ltr'><strong>ΜΨ</strong></span> <span class='ocrx_word' id='word_1_676' title='bbox 660 5114 853 5172; x_wconf 60' lang='lat' dir='ltr'><strong>A¹⁰¹³¹¹dsi³¹¹¹</strong></span> <span class='ocrx_word' id='word_1_677' title='bbox 869 5117 931 5185; x_wconf 60' lang='lat' dir='ltr'><strong>Um·</strong></span> <span class='ocrx_word' id='word_1_678' title='bbox 956 5128 983 5174; x_wconf 76' lang='lat'><strong>⁰¹</strong></span> <span class='ocrx_word' id='word_1_679' title='bbox 995 5135 1058 5176; x_wconf 69' lang='lat'><strong>⁰⁰⁰¹</strong></span> <span class='ocrx_word' id='word_1_680' title='bbox 1108 5140 1147 5197; x_wconf 81' lang='lat' dir='ltr'><strong>De</strong></span> <span class='ocrx_word' id='word_1_681' title='bbox 1163 5141 1309 5198; x_wconf 85' lang='lat' dir='ltr'><strong>Octnrinno</strong></span> <span class='ocrx_word' id='word_1_682' title='bbox 1323 5142 1359 5197; x_wconf 87' lang='lat' dir='ltr'><strong>irn</strong></span> <span class='ocrx_word' id='word_1_683' title='bbox 1379 5154 1492 5209; x_wconf 84' lang='lat' dir='ltr'><strong>emtore,</strong></span> <span class='ocrx_word' id='word_1_684' title='bbox 1507 5145 1576 5200; x_wconf 83' lang='lat' dir='ltr'><strong>etde</strong></span> <span class='ocrx_word' id='word_1_685' title='bbox 1590 5145 1703 5217; x_wconf 83' lang='lat' dir='ltr'><strong>gestiret</strong></span> <span class='ocrx_word' id='word_1_686' title='bbox 1717 5143 1895 5216; x_wconf 57' lang='lat' dir='ltr'><strong>salibanorum</strong></span> 
     </span>
     <span class='ocr_line' id='line_1_51' title="bbox 271 5159 1654 5286; baseline 0.013 -34"><span class='ocrx_word' id='word_1_687' title='bbox 271 5194 418 5256; x_wconf 80' lang='lat' dir='ltr'><strong>Ptolemaeo</strong></span> <span class='ocrx_word' id='word_1_688' title='bbox 431 5203 519 5257; x_wconf 81' lang='lat' dir='ltr'><strong>navah</strong></span> <span class='ocrx_word' id='word_1_689' title='bbox 535 5214 685 5264; x_wconf 75' lang='lat' dir='ltr'><strong>certamine</strong></span> <span class='ocrx_word' id='word_1_690' title='bbox 697 5208 847 5276; x_wconf 87' lang='lat' dir='ltr'><strong>dimicarit,</strong></span> <span class='ocrx_word' id='word_1_691' title='bbox 861 5211 941 5282; x_wconf 85' lang='lat' dir='ltr'><strong>cujus</strong></span> <span class='ocrx_word' id='word_1_692' title='bbox 956 5225 1058 5282; x_wconf 90' lang='lat' dir='ltr'><strong>corpus</strong></span> <span class='ocrx_word' id='word_1_693' title='bbox 1351 5159 1457 5284; x_wconf 45' lang='lat' dir='ltr'><strong>fierunt</strong></span> <span class='ocrx_word' id='word_1_694' title='bbox 1470 5231 1518 5270; x_wconf 88' lang='lat' dir='ltr'><strong>stro</strong></span> <span class='ocrx_word' id='word_1_695' title='bbox 1531 5224 1654 5286; x_wconf 86' lang='lat' dir='ltr'><strong>ternpore.</strong></span> 
     </span>
     <span class='ocr_line' id='line_1_52' title="bbox 271 5291 1896 5380; baseline 0.009 -33"><span class='ocrx_word' id='word_1_696' title='bbox 271 5291 299 5347; x_wconf 91' lang='lat' dir='ltr'><strong>in</strong></span> <span class='ocrx_word' id='word_1_697' title='bbox 315 5292 400 5349; x_wconf 83' lang='lat' dir='ltr'><strong>lorica</strong></span> <span class='ocrx_word' id='word_1_698' title='bbox 413 5310 496 5350; x_wconf 88' lang='lat' dir='ltr'><strong>aurea</strong></span> <span class='ocrx_word' id='word_1_699' title='bbox 510 5295 562 5352; x_wconf 93' lang='lat' dir='ltr'><strong>fuit</strong></span> <span class='ocrx_word' id='word_1_700' title='bbox 578 5299 729 5358; x_wconf 81' lang='lat' dir='ltr'><strong>inventum.</strong></span> <span class='ocrx_word' id='word_1_701' title='bbox 743 5302 781 5359; x_wconf 84' lang='lat' dir='ltr'><strong>Eo</strong></span> <span class='ocrx_word' id='word_1_702' title='bbox 796 5311 917 5369; x_wconf 82' lang='lat' dir='ltr'><strong>mortuo,</strong></span> <span class='ocrx_word' id='word_1_703' title='bbox 943 5320 1057 5376; x_wconf 87' lang='lat' dir='ltr'><strong>regnum</strong></span> <span class='ocrx_word' id='word_1_704' title='bbox 1144 5302 1410 5362; x_wconf 79' lang='lat' dir='ltr'><strong>OctavianusCasar</strong></span> <span class='ocrx_word' id='word_1_705' title='bbox 1422 5307 1563 5379; x_wconf 88' lang='lat' dir='ltr'><strong>Augustus</strong></span> <span class='ocrx_word' id='word_1_706' title='bbox 1573 5308 1696 5380; x_wconf 86' lang='lat' dir='ltr'><strong>regnarit</strong></span> <span class='ocrx_word' id='word_1_707' title='bbox 1709 5306 1780 5378; x_wconf 87' lang='lat' dir='ltr'><strong>apud</strong></span> <span class='ocrx_word' id='word_1_708' title='bbox 1792 5304 1896 5361; x_wconf 79' lang='lat' dir='ltr'><strong>lfoma-</strong></span> 
     </span>
     <span class='ocr_line' id='line_1_53' title="bbox 270 5379 1894 5465; baseline 0.01 -28"><span class='ocrx_word' id='word_1_709' title='bbox 270 5379 422 5455; x_wconf 76' lang='lat' dir='ltr'><strong>Cleopatrae</strong></span> <span class='ocrx_word' id='word_1_710' title='bbox 432 5389 519 5443; x_wconf 87' lang='lat' dir='ltr'><strong>sorori</strong></span> <span class='ocrx_word' id='word_1_711' title='bbox 535 5391 606 5460; x_wconf 74' lang='lat' dir='ltr'><strong>eius,</strong></span> <span class='ocrx_word' id='word_1_712' title='bbox 618 5408 680 5448; x_wconf 90' lang='lat' dir='ltr'><strong>cnm</strong></span> <span class='ocrx_word' id='word_1_713' title='bbox 696 5411 750 5465; x_wconf 81' lang='lat' dir='ltr'><strong>qua</strong></span> <span class='ocrx_word' id='word_1_714' title='bbox 762 5398 988 5453; x_wconf 83' lang='lat' dir='ltr'><strong>consuetudinem</strong></span> <span class='ocrx_word' id='word_1_715' title='bbox 1003 5408 1059 5456; x_wconf 88' lang='lat' dir='ltr'><strong>stu·</strong></span> <span class='ocrx_word' id='word_1_716' title='bbox 1108 5412 1159 5453; x_wconf 92' lang='lat' dir='ltr'><strong>nos</strong></span> <span class='ocrx_word' id='word_1_717' title='bbox 1171 5398 1252 5454; x_wconf 86' lang='lat' dir='ltr'><strong>artois</strong></span> <span class='ocrx_word' id='word_1_718' title='bbox 1273 5412 1316 5452; x_wconf 82' lang='grc' dir='ltr'><strong>ιιι</strong></span> <span class='ocrx_word' id='word_1_719' title='bbox 1330 5405 1358 5452; x_wconf 92' lang='lat' dir='ltr'><strong>et</strong></span> <span class='ocrx_word' id='word_1_720' title='bbox 1377 5399 1519 5455; x_wconf 90' lang='lat' dir='ltr'><strong>mensibus</strong></span> <span class='ocrx_word' id='word_1_721' title='bbox 1540 5415 1568 5453; x_wconf 88' lang='lat' dir='ltr'><strong>r.</strong></span> <span class='ocrx_word' id='word_1_722' title='bbox 1596 5399 1684 5455; x_wconf 91' lang='lat' dir='ltr'><strong>Annis</strong></span> <span class='ocrx_word' id='word_1_723' title='bbox 1700 5412 1737 5453; x_wconf 88' lang='grc' dir='ltr'><strong>ιιι</strong></span> <span class='ocrx_word' id='word_1_724' title='bbox 1756 5414 1819 5454; x_wconf 89' lang='lat' dir='ltr'><strong>cunr</strong></span> <span class='ocrx_word' id='word_1_725' title='bbox 1835 5397 1894 5454; x_wconf 90' lang='lat' dir='ltr'><strong>An·</strong></span> 
     </span>
     <span class='ocr_line' id='line_1_54' title="bbox 270 5474 1894 5559; baseline 0.01 -31"><span class='ocrx_word' id='word_1_726' title='bbox 270 5474 311 5544; x_wconf 88' lang='lat' dir='ltr'><strong>pri</strong></span> <span class='ocrx_word' id='word_1_727' title='bbox 324 5475 466 5545; x_wconf 87' lang='lat' dir='ltr'><strong>habuerat,</strong></span> <span class='ocrx_word' id='word_1_728' title='bbox 476 5478 560 5538; x_wconf 89' lang='lat' dir='ltr'><strong>dedit.</strong></span> <span class='ocrx_word' id='word_1_729' title='bbox 576 5481 708 5554; x_wconf 84' lang='lat' dir='ltr'><strong>liegrrarit</strong></span> <span class='ocrx_word' id='word_1_730' title='bbox 718 5488 798 5544; x_wconf 78' lang='lat' dir='ltr'><strong>arenis</strong></span> <span class='ocrx_word' id='word_1_731' title='bbox 811 5504 868 5544; x_wconf 81' lang='lat' dir='ltr'><strong>xsn</strong></span> <span class='ocrx_word' id='word_1_732' title='bbox 883 5498 910 5544; x_wconf 92' lang='lat' dir='ltr'><strong>et</strong></span> <span class='ocrx_word' id='word_1_733' title='bbox 922 5488 974 5545; x_wconf 91' lang='lat' dir='ltr'><strong>fuit</strong></span> <span class='ocrx_word' id='word_1_734' title='bbox 985 5491 1057 5548; x_wconf 86' lang='lat' dir='ltr'><strong>dieta</strong></span> <span class='ocrx_word' id='word_1_735' title='bbox 1108 5491 1194 5556; x_wconf 92' lang='lat' dir='ltr'><strong>tonio,</strong></span> <span class='ocrx_word' id='word_1_736' title='bbox 1210 5505 1272 5546; x_wconf 85' lang='lat' dir='ltr'><strong>surr</strong></span> <span class='ocrx_word' id='word_1_737' title='bbox 1285 5489 1370 5546; x_wconf 88' lang='lat' dir='ltr'><strong>solus.</strong></span> <span class='ocrx_word' id='word_1_738' title='bbox 1383 5491 1464 5544; x_wconf 90' lang='lat' dir='ltr'><strong>Anno</strong></span> <span class='ocrx_word' id='word_1_739' title='bbox 1482 5491 1516 5545; x_wconf 90' lang='lat' dir='ltr'><strong>ab</strong></span> <span class='ocrx_word' id='word_1_740' title='bbox 1529 5488 1601 5545; x_wconf 90' lang='lat' dir='ltr'><strong>Urbe</strong></span> <span class='ocrx_word' id='word_1_741' title='bbox 1625 5491 1734 5546; x_wconf 86' lang='lat' dir='ltr'><strong>condita</strong></span> <span class='ocrx_word' id='word_1_742' title='bbox 1753 5489 1815 5559; x_wconf 87' lang='lat' dir='ltr'><strong>iil),</strong></span> <span class='ocrx_word' id='word_1_743' title='bbox 1828 5490 1894 5559; x_wconf 84' lang='lat' dir='ltr'><strong>qui·</strong></span> 
     </span>
     <span class='ocr_line' id='line_1_55' title="bbox 270 5562 1895 5649; baseline 0.011 -29"><span class='ocrx_word' id='word_1_744' title='bbox 270 5562 414 5638; x_wconf 85' lang='lat' dir='ltr'><strong>Cleopatra</strong></span> <span class='ocrx_word' id='word_1_745' title='bbox 431 5585 511 5627; x_wconf 89' lang='lat' dir='ltr'><strong>soror</strong></span> <span class='ocrx_word' id='word_1_746' title='bbox 526 5580 554 5628; x_wconf 89' lang='lat' dir='ltr'><strong>et</strong></span> <span class='ocrx_word' id='word_1_747' title='bbox 568 5591 638 5629; x_wconf 82' lang='lat' dir='ltr'><strong>uxor</strong></span> <span class='ocrx_word' id='word_1_748' title='bbox 649 5576 713 5632; x_wconf 91' lang='lat' dir='ltr'><strong>dieti</strong></span> <span class='ocrx_word' id='word_1_749' title='bbox 724 5576 873 5636; x_wconf 79' lang='lat' dir='ltr'><strong>Ptolemaei.</strong></span> <span class='ocrx_word' id='word_1_750' title='bbox 891 5579 953 5638; x_wconf 73' lang='lat' dir='ltr'><strong>llaec</strong></span> <span class='ocrx_word' id='word_1_751' title='bbox 967 5598 983 5638; x_wconf 85' lang='lat' dir='ltr'><strong>a</strong></span> <span class='ocrx_word' id='word_1_752' title='bbox 996 5598 1051 5639; x_wconf 90' lang='lat' dir='ltr'><strong>ser·</strong></span> <span class='ocrx_word' id='word_1_753' title='bbox 1107 5585 1169 5640; x_wconf 88' lang='lat' dir='ltr'><strong>dant</strong></span> <span class='ocrx_word' id='word_1_754' title='bbox 1183 5583 1277 5639; x_wconf 89' lang='lat' dir='ltr'><strong>dicunt</strong></span> <span class='ocrx_word' id='word_1_755' title='bbox 1293 5582 1345 5637; x_wconf 83' lang='lat' dir='ltr'><strong>&#39;fild</strong></span> <span class='ocrx_word' id='word_1_756' title='bbox 1359 5578 1451 5640; x_wconf 86' lang='lat' dir='ltr'><strong>minus</strong></span> <span class='ocrx_word' id='word_1_757' title='bbox 1466 5582 1494 5649; x_wconf 90' lang='lat'><strong>8,</strong></span> <span class='ocrx_word' id='word_1_758' title='bbox 1508 5581 1644 5639; x_wconf 87' lang='lat' dir='ltr'><strong>Antonius</strong></span> <span class='ocrx_word' id='word_1_759' title='bbox 1656 5583 1774 5639; x_wconf 74' lang='lat' dir='ltr'><strong>deseris</strong></span> <span class='ocrx_word' id='word_1_760' title='bbox 1786 5582 1895 5639; x_wconf 87' lang='lat' dir='ltr'><strong>occiso-</strong></span> 
     </span>
     <span class='ocr_line' id='line_1_56' title="bbox 271 5660 1896 5747; baseline 0.012 -36"><span class='ocrx_word' id='word_1_761' title='bbox 271 5665 352 5728; x_wconf 87' lang='lat' dir='ltr'><strong>pente</strong></span> <span class='ocrx_word' id='word_1_762' title='bbox 376 5660 467 5730; x_wconf 89' lang='lat' dir='ltr'><strong>periit,</strong></span> <span class='ocrx_word' id='word_1_763' title='bbox 482 5673 510 5720; x_wconf 91' lang='lat' dir='ltr'><strong>et</strong></span> <span class='ocrx_word' id='word_1_764' title='bbox 525 5665 566 5721; x_wconf 88' lang='lat' dir='ltr'><strong>sic</strong></span> <span class='ocrx_word' id='word_1_765' title='bbox 580 5682 693 5739; x_wconf 84' lang='lat' dir='ltr'><strong>regnunt</strong></span> <span class='ocrx_word' id='word_1_766' title='bbox 709 5667 932 5737; x_wconf 87' lang='lat' dir='ltr'><strong>Ptolemaeorum,</strong></span> <span class='ocrx_word' id='word_1_767' title='bbox 948 5674 989 5730; x_wconf 89' lang='lat' dir='ltr'><strong>rel</strong></span> <span class='ocrx_word' id='word_1_768' title='bbox 1004 5674 1057 5732; x_wconf 83' lang='lat' dir='ltr'><strong>ba·</strong></span> <span class='ocrx_word' id='word_1_769' title='bbox 1107 5692 1151 5732; x_wconf 86' lang='lat' dir='ltr'><strong>res</strong></span> <span class='ocrx_word' id='word_1_770' title='bbox 1163 5673 1387 5747; x_wconf 87' lang='lat' dir='ltr'><strong>persequebatur,</strong></span> <span class='ocrx_word' id='word_1_771' title='bbox 1399 5690 1471 5746; x_wconf 83' lang='lat' dir='ltr'><strong>quos</strong></span> <span class='ocrx_word' id='word_1_772' title='bbox 1481 5684 1594 5731; x_wconf 87' lang='lat' dir='ltr'><strong>senatus</strong></span> <span class='ocrx_word' id='word_1_773' title='bbox 1609 5675 1727 5732; x_wconf 78' lang='lat' dir='ltr'><strong>fovebat.</strong></span> <span class='ocrx_word' id='word_1_774' title='bbox 1744 5673 1815 5746; x_wconf 79' lang='lat' dir='ltr'><strong>firgo</strong></span> <span class='ocrx_word' id='word_1_775' title='bbox 1825 5689 1896 5730; x_wconf 88' lang='lat' dir='ltr'><strong>con·</strong></span> 
     </span>
     <span class='ocr_line' id='line_1_57' title="bbox 271 5745 1894 5834; baseline 0.015 -33"><span class='ocrx_word' id='word_1_776' title='bbox 271 5745 376 5817; x_wconf 89' lang='lat' dir='ltr'><strong>gidum,</strong></span> <span class='ocrx_word' id='word_1_777' title='bbox 391 5748 502 5821; x_wconf 87' lang='lat' dir='ltr'><strong>defecit,</strong></span> <span class='ocrx_word' id='word_1_778' title='bbox 529 5759 601 5828; x_wconf 85' lang='lat' dir='ltr'><strong>quod</strong></span> <span class='ocrx_word' id='word_1_779' title='bbox 617 5759 692 5814; x_wconf 87' lang='lat' dir='ltr'><strong>stetit</strong></span> <span class='ocrx_word' id='word_1_780' title='bbox 705 5777 753 5831; x_wconf 89' lang='lat' dir='ltr'><strong>per</strong></span> <span class='ocrx_word' id='word_1_781' title='bbox 766 5777 854 5819; x_wconf 82' lang='lat' dir='ltr'><strong>artnos</strong></span> <span class='ocrx_word' id='word_1_782' title='bbox 867 5778 962 5822; x_wconf 82' lang='lat' dir='ltr'><strong>cerer.</strong></span> <span class='ocrx_word' id='word_1_783' title='bbox 980 5766 1057 5823; x_wconf 90' lang='lat' dir='ltr'><strong>Anti·</strong></span> <span class='ocrx_word' id='word_1_784' title='bbox 1108 5782 1149 5827; x_wconf 87' lang='lat' dir='ltr'><strong>tra</strong></span> <span class='ocrx_word' id='word_1_785' title='bbox 1165 5770 1314 5826; x_wconf 90' lang='lat' dir='ltr'><strong>Antonium</strong></span> <span class='ocrx_word' id='word_1_786' title='bbox 1327 5768 1404 5825; x_wconf 88' lang='lat' dir='ltr'><strong>raissi</strong></span> <span class='ocrx_word' id='word_1_787' title='bbox 1428 5769 1558 5826; x_wconf 91' lang='lat' dir='ltr'><strong>suntduo</strong></span> <span class='ocrx_word' id='word_1_788' title='bbox 1572 5769 1710 5834; x_wconf 90' lang='lat' dir='ltr'><strong>consoles,</strong></span> <span class='ocrx_word' id='word_1_789' title='bbox 1725 5779 1753 5826; x_wconf 91' lang='lat' dir='ltr'><strong>et</strong></span> <span class='ocrx_word' id='word_1_790' title='bbox 1776 5785 1839 5827; x_wconf 84' lang='lat' dir='ltr'><strong>eum</strong></span> <span class='ocrx_word' id='word_1_791' title='bbox 1851 5766 1894 5826; x_wconf 86' lang='lat' dir='ltr'><strong>eis</strong></span> 
     </span>
     <span class='ocr_line' id='line_1_58' title="bbox 271 5842 1892 5928; baseline 0.013 -33"><span class='ocrx_word' id='word_1_792' title='bbox 271 5847 349 5910; x_wconf 86' lang='lat' dir='ltr'><strong>pater</strong></span> <span class='ocrx_word' id='word_1_793' title='bbox 372 5853 465 5900; x_wconf 86' lang='lat' dir='ltr'><strong>autem</strong></span> <span class='ocrx_word' id='word_1_794' title='bbox 478 5844 568 5905; x_wconf 88' lang='lat' dir='ltr'><strong>luerat</strong></span> <span class='ocrx_word' id='word_1_795' title='bbox 581 5867 643 5906; x_wconf 90' lang='lat' dir='ltr'><strong>cnm</strong></span> <span class='ocrx_word' id='word_1_796' title='bbox 661 5849 793 5924; x_wconf 82' lang='lat' dir='ltr'><strong>Pompeio</strong></span> <span class='ocrx_word' id='word_1_797' title='bbox 807 5873 815 5920; x_wconf 87' lang='lat'>;</span> <span class='ocrx_word' id='word_1_798' title='bbox 830 5856 877 5911; x_wconf 87' lang='lat' dir='ltr'><strong>sed</strong></span> <span class='ocrx_word' id='word_1_799' title='bbox 890 5872 923 5914; x_wconf 86' lang='lat' dir='ltr'><strong>eo</strong></span> <span class='ocrx_word' id='word_1_800' title='bbox 947 5869 1057 5917; x_wconf 91' lang='lat' dir='ltr'><strong>mortuo</strong></span> <span class='ocrx_word' id='word_1_801' title='bbox 1106 5863 1213 5928; x_wconf 85' lang='lat' dir='ltr'><strong>tertius,</strong></span> <span class='ocrx_word' id='word_1_802' title='bbox 1228 5842 1334 5918; x_wconf 69' lang='lat' dir='ltr'><strong>&#39;scillcet</strong></span> <span class='ocrx_word' id='word_1_803' title='bbox 1344 5858 1511 5918; x_wconf 78' lang='lat' dir='ltr'><strong>Octavianus</strong></span> <span class='ocrx_word' id='word_1_804' title='bbox 1522 5862 1680 5920; x_wconf 84' lang='lat' dir='ltr'><strong>adolescens</strong></span> <span class='ocrx_word' id='word_1_805' title='bbox 1691 5860 1828 5920; x_wconf 80' lang='lat' dir='ltr'><strong>sexdecim</strong></span> <span class='ocrx_word' id='word_1_806' title='bbox 1840 5875 1892 5918; x_wconf 87' lang='lat' dir='ltr'><strong>an-</strong></span> 
     </span>
     <span class='ocr_line' id='line_1_59' title="bbox 271 5931 1896 6020; baseline 0.015 -34"><span class='ocrx_word' id='word_1_807' title='bbox 271 5931 374 5991; x_wconf 70' lang='lat' dir='ltr'><strong>creari</strong></span> <span class='ocrx_word' id='word_1_808' title='bbox 389 5937 517 6008; x_wconf 72' lang='lat' dir='ltr'><strong>adhesit,</strong></span> <span class='ocrx_word' id='word_1_809' title='bbox 533 5951 559 5998; x_wconf 91' lang='lat' dir='ltr'><strong>et</strong></span> <span class='ocrx_word' id='word_1_810' title='bbox 569 5941 715 6016; x_wconf 76' lang='lat' dir='ltr'><strong>AEgpptios</strong></span> <span class='ocrx_word' id='word_1_811' title='bbox 733 5946 766 6002; x_wconf 88' lang='lat' dir='ltr'><strong>ad</strong></span> <span class='ocrx_word' id='word_1_812' title='bbox 778 5947 984 6020; x_wconf 85' lang='lat' dir='ltr'><strong>obsequendum</strong></span> <span class='ocrx_word' id='word_1_813' title='bbox 996 5953 1056 6010; x_wconf 83' lang='lat' dir='ltr'><strong>Cae-</strong></span> <span class='ocrx_word' id='word_1_814' title='bbox 1107 5971 1217 6020; x_wconf 91' lang='lat' dir='ltr'><strong>norum,</strong></span> <span class='ocrx_word' id='word_1_815' title='bbox 1231 5962 1311 6011; x_wconf 87' lang='lat' dir='ltr'><strong>natus</strong></span> <span class='ocrx_word' id='word_1_816' title='bbox 1326 5952 1406 6010; x_wconf 88' lang='lat' dir='ltr'><strong>Patre</strong></span> <span class='ocrx_word' id='word_1_817' title='bbox 1419 5951 1570 6012; x_wconf 74' lang='lat' dir='ltr'><strong>uerat-rano</strong></span> <span class='ocrx_word' id='word_1_818' title='bbox 1583 5966 1721 6018; x_wconf 85' lang='lat' dir='ltr'><strong>senatore,</strong></span> <span class='ocrx_word' id='word_1_819' title='bbox 1737 5965 1896 6011; x_wconf 85' lang='lat' dir='ltr'><strong>nraternuna</strong></span> 
     </span>
     <span class='ocr_line' id='line_1_60' title="bbox 273 6022 1891 6122; baseline 0.002 -23"><span class='ocrx_word' id='word_1_820' title='bbox 273 6022 328 6079; x_wconf 63' lang='lat'><strong>⁸³¹¹</strong></span> <span class='ocrx_word' id='word_1_821' title='bbox 344 6041 392 6082; x_wconf 74' lang='lat'><strong>⁵¹¹²</strong></span> <span class='ocrx_word' id='word_1_822' title='bbox 410 6028 554 6100; x_wconf 85' lang='lat' dir='ltr'><strong>prudentia</strong></span> <span class='ocrx_word' id='word_1_823' title='bbox 569 6034 721 6093; x_wconf 85' lang='lat' dir='ltr'><strong>inclinarit.</strong></span> <span class='ocrx_word' id='word_1_824' title='bbox 740 6036 806 6110; x_wconf 78' lang='lat' dir='ltr'><strong>liius</strong></span> <span class='ocrx_word' id='word_1_825' title='bbox 821 6052 886 6112; x_wconf 83' lang='lat' dir='ltr'><strong>ergo</strong></span> <span class='ocrx_word' id='word_1_826' title='bbox 899 6044 984 6114; x_wconf 89' lang='lat' dir='ltr'><strong>gratia</strong></span> <span class='ocrx_word' id='word_1_827' title='bbox 997 6044 1055 6106; x_wconf 64' lang='grc' dir='ltr'><strong>ῦπ-</strong></span> <span class='ocrx_word' id='word_1_828' title='bbox 1107 6063 1193 6122; x_wconf 81' lang='lat' dir='ltr'><strong>genus</strong></span> <span class='ocrx_word' id='word_1_829' title='bbox 1213 6048 1324 6105; x_wconf 77' lang='lat' dir='ltr'><strong>trahem</strong></span> <span class='ocrx_word' id='word_1_830' title='bbox 1339 6061 1386 6120; x_wconf 87' lang='lat' dir='ltr'><strong>per</strong></span> <span class='ocrx_word' id='word_1_831' title='bbox 1404 6044 1504 6106; x_wconf 84' lang='lat' dir='ltr'><strong>lulium</strong></span> <span class='ocrx_word' id='word_1_832' title='bbox 1535 6047 1680 6119; x_wconf 73' lang='lat' dir='ltr'><strong>omittam</strong></span> <span class='ocrx_word' id='word_1_833' title='bbox 1703 6062 1787 6120; x_wconf 80' lang='lat' dir='ltr'><strong>nepos</strong></span> <span class='ocrx_word' id='word_1_834' title='bbox 1812 6045 1891 6103; x_wconf 87' lang='lat' dir='ltr'><strong>tulii.</strong></span> 
     </span>
    </p>
   </div>
   <div class='ocr_carea' id='block_1_5' title="bbox 0 0 2180 6709">
    <p class='ocr_par' dir='ltr' id='par_1_6' title="bbox 0 0 2180 6709">
     <span class='ocr_line' id='line_1_61' title="bbox 0 0 2180 6709; baseline 0 2"><span class='ocrx_word' id='word_1_835' title='bbox 0 0 2180 6709; x_wconf 95' lang='lat' dir='ltr'><strong> </strong></span> 
     </span>
    </p>
   </div>
  </div>
 </body>
</html>
