4350 6709
353 506 405 571 et·
678 552 681 559 .
878 512 1016 569 stennon
1035 511 1283 609 cremonense
1301 515 1454 577 miscent
1662 476 1668 499 ⁹
1946 530 1984 585 ra

357 622 518 686 mmtnml
537 622 593 697 ligo
605 624 705 683 dubins
716 634 769 695 sto,
783 640 816 685 ao
830 629 967 699 precipue
988 629 1063 701 qued
1087 637 1192 686 tanum
1215 631 1287 688 inter
1301 634 1397 690 ambos
1415 634 1497 691 hosce
1518 635 1628 695 cedices
1644 651 1710 695 mss.
1728 637 1983 699 dissimilitudinem

357 692 475 777 irridear.
487 692 622 751 Ceterum
636 697 718 768 hujus
734 696 944 782 biedieiancnais
955 700 1078 757 victorine
1091 716 1126 757 ne
1144 702 1197 774 ipsi
1207 703 1317 774 quidem
1329 705 1449 762 annates
1462 707 1558 764 breves
1570 706 1809 778 Cremonensium,
1823 726 1894 783 ques
1909 711 1983 768 inin

353 778 418 819 sum
429 766 562 833 editurus,
577 769 611 822 ad
629 782 732 823 annum
747 768 816 824 teti
828 779 1021 827 memmerunt.

346 931 1976 979 —--—-·——-·--—------—---..

775 1175 869 1292 DE
912 1175 1201 1308 sichem
1236 1179 1541 1304 titrhtht

537 1669 848 1767 runchum]
884 1675 960 1768 nh
996 1673 1263 1771 otricus
1295 1675 1787 1774 hudhhstnsmurs.

544 1908 632 1983 (Ιιιι,
648 1910 772 1985 Spisilep.
788 1911 877 1979 Rem..
896 1907 1024 1983 tom'Vi,
1040 1928 1067 1985 p
1084 1912 1148 1983 583,
1160 1912 1242 1972 traer.
1258 1917 1293 1975 ad
1305 1916 1469 1990 Fragmenta
1484 1933 1518 1976 cr
1531 1917 1636 1975 ilitreli
1653 1917 1784 1992 sicardi.)

1129 2117 1203 2135 ..—

381 2358 489 2415 sicardi
500 2356 621 2429 episcopi
630 2356 838 2427 Cremonensis,
852 2358 901 2430 qui
917 2355 970 2413 luit
988 2355 1141 2415 innocentii
1148 2356 1185 2414 tlt
1195 2357 1248 2414 PP.
1263 2361 1388 2432 equalis,
1398 2361 1571 2420 'Chronicnm
1586 2361 1736 2421 identidem
1747 2362 1894 2422 uidimusa
1907 2363 1980 2424 Ber-

344 2449 432 2507 nardo
444 2448 618 2506 Gnidonisin
631 2447 714 2506 Rem.
727 2450 889 2521 pentiilcum
904 2450 989 2519 Vltis;
999 2451 1073 2520 quod
1084 2451 1195 2507 tandem
1206 2451 1378 2509 (lhuduicum
1392 2454 1560 2512 biemterins
1579 2458 1606 2512 in
1621 2458 1737 2528 septime
1757 2457 1791 2513 R.
1807 2457 1827 2515 i.
1843 2457 1874 2515 S.
1894 2463 1977 2518 reiu-

344 2544 418 2601 mine
428 2544 524 2613 edidit,
536 2543 664 2615 doctique
684 2543 806 2615 episcopi
819 2544 873 2598 alia
890 2557 973 2615 opera
998 2543 1026 2598 in
1051 2542 1212 2614 prelatione
1230 2546 1379 2603 recensuit.
1401 2547 1470 2604 illud
1490 2559 1582 2605 tamen
1606 2550 1649 2606 uir
1668 2565 1784 2624 magnus
1808 2552 1851 2609 bis
1871 2553 1974 2610 ibidem

343 2636 453 2694 incaute
467 2635 549 2702 dixit,
569 2643 705 2706 putarese
720 2633 828 2703 sicardi
842 2649 922 2705 opus,
939 2633 1012 2707 quod
1033 2633 1150 2691 llitrclis
1164 2635 1254 2707 (iiber)
1276 2637 1444 2708 inscribitur,
1461 2641 1529 2696 nibil
1551 2656 1612 2698 csse
1635 2642 1709 2698 aliud
1733 2658 1815 2713 quarn
1838 2659 1923 2700 unum
1938 2661 1973 2701 cx

342 2729 490 2789 Chronicis
513 2725 790 2797 aSicardescriptis.
806 2725 888 2797 Atqui
904 2725 951 2782 aiii
970 2733 1034 2781 ante
1049 2724 1235 2782 huramrimn
1251 2727 1353 2785 diserte
1366 2729 1425 2801 jam
1443 2732 1653 2787 nominaverant
1664 2732 1770 2789 sicardi
1782 2732 1917 2789 llitrolem
1932 2731 1974 2790 eet

342 2823 481 2881 Summum
495 2819 528 2875 rie
541 2818 642 2890 officiis,
653 2817 690 2873 ita
704 2826 736 2873 ut
750 2816 869 2873 liitrelis
884 2818 921 2874 sit
939 2817 1028 2875 dictus
1040 2831 1091 2889 pre
1110 2816 1267 2889 episcopalis
1285 2821 1329 2876 uel
1353 2821 1526 2892 pontificalis,
1539 2824 1761 2895 quondoquidem
1779 2825 1973 2898 cpiscoporum

331 2918 539 2986 minorumque
554 2911 728 2969 sacerdotum
747 2911 887 2984 liturgiam
908 2913 937 2968 in
950 2926 985 2969 eo
1001 2912 1142 2968 volumine
1163 2910 1294 2971 sicardus
1308 2917 1429 2986 exponit.
1447 2915 1554 2986 iicapse
1568 2916 1595 2972 in
1616 2917 1723 2972 duobus
1737 2917 1879 2974 codicibus
1894 2916 1975 2973 Vati·

327 3009 420 3066 ¹canis
434 3007 481 3064 hic
495 3004 664 3078 preponitur
682 3003 757 3077 operi
772 3004 879 3071 titulus,
894 3004 924 3059 in
938 3019 995 3059 uno
1009 3004 1139 3076 quidem:
1152 3002 1252 3076 incipit
1264 3006 1384 3063 iiitrob‘s
1403 3008 1436 3062 de
1449 3009 1551 3079 officiis,
1572 3008 1659 3064 editus
1674 3025 1691 3063 o
1713 3005 1849 3078 Speirordo
1862 3008 1973 3065 Creme·

329 3103 415 3159 mensi
428 3100 569 3173 episcope,
585 3098 708 3155 innitere
722 3106 815 3153 autem
831 3115 838 3153 :
853 3094 953 3169 incipit
965 3094 1032 3153 liber
1049 3097 1095 3167 psi
1117 3093 1236 3153 Hitrelis
1256 3100 1367 3169 dicitnr,
1377 3100 1463 3155 editus
1482 3117 1500 3155 e
1517 3098 1630 3155 Sieorrio
1641 3097 1811 3156 Cremonensi
1827 3101 1950 3171 episcope
1959 3115 1972 3163 ,·

331 3196 388 3251 ¹ubi
401 3195 560 3250 varietatem
576 3207 687 3264 quoque
708 3190 852 3262 scripture
865 3190 990 3249 uidemus
1013 3188 1167 3261 Spciterdtts
1187 3199 1217 3248 ct
1232 3190 1382 3250 Siccrdns..
1393 3191 1471 3250 Vana
1482 3176 1575 3265 ‘igitur
1595 3192 1737 3249 biuraterii
1758 3195 1791 3250 de
1808 3203 1973 3266 argumente

341 3295 459 3353 iiitroiis
469 3295 600 3367 opinione
611 3294 653 3350 rel
664 3292 824 3364 conjectura
840 3291 967 3364 depulsa,
989 3306 1041 3349 nos
1056 3292 1110 3349 hec
1127 3293 1218 3365 ipsum
1242 3308 1322 3366 opus,
1335 3295 1486 3368 perbonum
1508 3296 1600 3353 hercle
1613 3303 1641 3353 ct
1654 3297 1786 3354 hactenus
1803 3312 1859 3353 non
1873 3298 1970 3370 vulga·

340 3402 410 3457 tum,
423 3388 505 3461 panio
519 3387 675 3444 accuratius
686 3384 884 3442 describemus.
897 3382 1097 3441 Constatenim
1112 3384 1191 3443 libris
1204 3402 1243 3456 rx,
1262 3387 1309 3460 qni
1337 3402 1404 3445 snos
1417 3388 1518 3460 singuli
1528 3387 1630 3446 babent
1641 3388 1779 3462 prologos.
1792 3388 1863 3445 Sunt
1876 3400 1971 3447 autem

338 3482 369 3541 ht
384 3481 455 3538 tituli
469 3495 518 3537 seu
531 3477 661 3551 capitula.

376 3570 699 3649 (capitulorumseriem,
718 3580 803 3640 qnam
824 3565 871 3626 hie
890 3565 1053 3642 speciminis
1072 3566 1163 3640 matis
1181 3567 1293 3626 exbibet
1316 3568 1495 3628 doctissimus
1514 3571 1617 3641 editor,
1633 3587 1684 3629 nes
1699 3571 1733 3628 nd
1754 3571 1856 3629 calcem
1876 3574 1970 3645 operis
1992 3570 2002 3588 '

339 3668 531 3726 amandemus.
546 3661 757 3737 Erucium),

374 3758 460 3830 igitur
471 3756 517 3812 hic
526 3755 651 3811 ridemus
663 3752 819 3809 uberrimos
833 3750 969 3824 liturgicae
982 3749 1024 3807 rei
1045 3749 1146 3822 lentes,
1157 3768 1229 3825 qnos
1243 3753 1347 3812 dlutius
1360 3756 1432 3811 intra
1443 3755 1571 3811 codicum
1592 3757 1710 3827 pluteos,
1723 3759 1803 3828 quasi
1821 3760 1848 3815 in
1865 3760 1968 3821 nativis

339 3850 476 3917 cavernis,
491 3846 606 3904 detineri
620 3859 704 3917 prope
718 3844 862 3916 indignum
881 3851 925 3899 cst
945 3842 989 3900 :si
1004 3843 1077 3899 enim
1097 3842 1161 3899 inde
1178 3844 1335 3913 eiiciantur,
1356 3860 1452 3901 omnes
1465 3845 1540 3900 illico
1553 3845 1601 3914 qui
1614 3845 1649 3898 de
1661 3845 1855 3903 ecciesiasticis
1870 3847 1970 3903 officiis

339 3942 489 4015 aliquande
499 3948 564 3996 sunt
576 3936 677 4005 acturi,
688 3950 754 3994 sues
768 3934 895 3992 hortulos
907 3934 1075 4006 inlgabnnu
1089 3949 1179 4005 neque
1194 3935 1223 3990 hi
1245 3936 1346 4001 selum,
1357 3936 1405 3992 scd
1421 3935 1468 4006 qui
1481 3934 1523 3989 rel
1539 3948 1590 3989 sua
1603 3933 1686 3990 dubia
1707 3934 1857 3992 dissolvere
1871 3946 1967 4001 nuent.

338 4034 383 4090 uei
398 4031 574 4103 antiquitates
589 4029 763 4087 Christianae
786 4029 936 4099 illustrare,
954 4029 1146 4102 precipueque
1163 4029 1308 4102 eripincnr,
1324 4030 1460 4099 ordinem,
1479 4042 1507 4087 et
1527 4029 1633 4101 praxim
1655 4028 1806 4086 essicierum
1820 4046 1965 4090 sacrorum

337 4141 387 4199 per
398 4124 521 4198 singulos
535 4123 601 4179 anni
619 4123 678 4181 dies
691 4138 867 4196 cognoscere.
877 4122 958 4180 Certe
969 4122 1029 4194 iam
1044 4120 1229 4180 Trombellius
1250 4123 1279 4179 in
1301 4124 1463 4181 tractatibus
1476 4121 1536 4180 suis
1550 4120 1590 4178 lle
1602 4121 1747 4193 baptismo,
1763 4132 1784 4191 t,
1802 4122 1823 4190 i,
1840 4138 1885 4195 pp.
1899 4123 1966 4206 hm,

337 4217 402 4286 221,
424 4217 488 4286 ste,
513 4215 619 4272 Sicardi
639 4216 738 4286 nestri,
764 4231 847 4288 quem
868 4214 898 4272 iu
921 4215 1016 4273 codice
1041 4214 1209 4273 bellemensi
1235 4216 1353 4287 legebat,
1376 4216 1586 4274 auctoritatibus
1605 4215 1710 4287 aliquot
1729 4230 1764 4272 ex
1786 4217 1863 4272 libris
1883 4217 1964 4273 tertie

338 4321 471 4384 satoque
484 4326 552 4368 usus
572 4318 625 4368 est.
645 4310 704 4383 Ege
725 4325 791 4368 rere
813 4310 860 4382 qui
882 4308 989 4367 Sicardi
1006 4326 1077 4382 opus
1092 4310 1121 4367 in
1142 4310 1236 4369 codice
1248 4308 1382 4367 Vaticano
1402 4312 1517 4369 libenter
1532 4312 1662 4376 lectitari,
1678 4312 1722 4367 vir
1734 4311 1802 4366 mibi
1814 4321 1964 4382 temperare

336 4415 462 4481 poteram
482 4406 549 4480 quin
560 4413 648 4461 tetum
661 4405 733 4478 typis
748 4404 968 4473 committerem
984 4405 1059 4476 qued
1080 4418 1149 4461 sanc
1168 4404 1315 4462 mediocris
1328 4406 1477 4462 uoluminis
1501 4406 1601 4462 melem
1615 4402 1731 4460 ediceret
1741 4422 1749 4472 ;
1761 4411 1799 4469 et,
1810 4404 1834 4460 si
1854 4403 1961 4459 idolicis

341 4499 424 4555 etiam
438 4497 551 4556 scholiis
564 4497 756 4566 adornaretur,
766 4496 835 4569 justi
846 4499 937 4570 operis
949 4496 1066 4554 lermam
1083 4498 1220 4555 indueret.
1235 4497 1285 4555 Est
1305 4498 1380 4554 enim
1402 4506 1518 4569 uterque
1531 4498 1616 4553 codex
1627 4494 1689 4551 liat.
1704 4496 1731 4550 in
1747 4494 1806 4563 iol..
1817 4495 1914 4566 spisse
1933 4495 1962 4550 in

331 4591 438 4664 duplici
450 4592 582 4650 laterculo
594 4592 816 4664 conscriptionis,
826 4609 899 4651 unus
913 4593 1025 4666 quidem
1033 4593 1237 4664 temperemus,
1250 4595 1338 4650 aetatis
1350 4592 1435 4649 lcrme
1449 4590 1625 4659 sicardiane,
1634 4593 1702 4648 aiter
1714 4606 1779 4647 uero
1794 4606 1849 4648 une
1861 4589 1961 4647 saecule

325 4684 485 4754 posterior,
497 4685 544 4753 qui
560 4686 588 4739 in
602 4684 656 4742 line
669 4700 757 4757 pauca
770 4685 917 4743 desiderat.
928 4684 1040 4744 interim
1054 4695 1147 4743 tamen
1159 4690 1193 4744 de
1205 4686 1268 4742 rite
1283 4685 1415 4742 brevitate
1428 4684 1552 4757 cogitans
1563 4691 1591 4739 et
1603 4682 1636 4740 de
1650 4679 1850 4754 impedimentis
1864 4678 1963 4733 voiun-

329 4776 387 4834 tati
400 4791 472 4849 sepe
483 4777 676 4848 incidentibus,
689 4787 721 4836 ut
734 4778 840 4837 Sicardi
854 4781 959 4854 aliquid
972 4796 988 4837 a
1004 4796 1048 4838 me
1069 4780 1130 4838 sine
1148 4794 1226 4836 mera
1245 4779 1362 4835 lectores
1377 4776 1504 4845 habeant,
1519 4791 1607 4847 pauca
1624 4774 1727 4833 ceuleci
1745 4778 1883 4841 excerpta,
1899 4783 1963 4839 que

334 4869 373 4927 ud
384 4883 462 4927 sacra
473 4870 587 4928 aethela
601 4871 644 4929 rei
656 4872 690 4930 sd
706 4873 920 4931 ecclesiasticam
935 4872 1112 4946 philologiam
1122 4872 1265 4946 potissime
1277 4870 1425 4944 pertimet,
1441 4883 1528 4941 caque
1541 4869 1661 4941 pretiosa
1675 4861 1855 4938 prudentibus
1867 4859 1960 4918 risum

330 4961 372 5021 tri
383 4962 502 5020 cenbde.
518 4961 682 5036 (Sequuntur
701 4965 886 5039 Frepmente.)
