4350 6709
273 511 326 567 eie
472 472 479 487 “
885 497 1040 554 anorum
1059 496 1195 554 sinuum
1212 496 1271 553 nrt.
1683 512 1696 547 ι
1833 503 1879 560 em

273 627 377 686 tibiam,
389 630 414 678 et
426 620 564 684 citharam,
581 619 699 687 ipsosque
708 613 902 683 prophetantes,
919 623 944 670 et
953 613 1052 669 insiliet
1065 643 1087 700 Α
1110 614 1197 684 piunt,
1214 621 1240 667 et
1255 628 1366 683 regnum
1381 613 1478 670 vitteet
1490 614 1603 685 iustitias
1618 615 1647 670 in
1662 631 1692 672 se
1706 617 1880 682 constituere,

270 721 300 774 in
315 727 338 773 te
351 715 464 785 Spiritus
475 710 592 776 bomini,
606 717 630 764 et
645 705 810 778 prophetabis
823 721 883 760 cem
893 705 942 770 eis,
957 713 983 759 et
997 721 1053 758 mu·
1104 703 1267 761 imitatorem
1279 705 1322 760 sui
1339 704 1464 761 edieient.

272 811 371 866 trieris
388 808 510 862 invirum
528 803 641 858 alteram
655 799 682 873 (l
693 799 757 871 hep.
774 798 814 869 xl.
834 796 905 854 Ecce
916 796 1052 868 quomodo
1140 796 1183 852 ia.
1201 795 1306 851 Dicitur
1322 797 1403 850 ctiam
1428 797 1456 852 in
1475 799 1521 854 illa
1537 796 1679 871 Scriptura
1696 819 1704 855 :
1728 796 1766 854 m
1787 799 1882 856 inritet

271 902 375 959 arridet
396 905 504 955 vetusta
536 896 650 971 historia
683 892 822 950 modernis
853 890 1052 946 monachorum
1103 887 1131 942 in
1147 897 1171 943 te
1183 886 1299 957 Spiritus
1320 888 1436 955 bantini,
1447 891 1646 961 etprnphetebie
1659 876 1720 947 cum
1733 893 1787 956 eie,
1799 901 1824 946 et
1833 909 1884 946 m..

271 989 536 1050 conversationibus.
551 985 680 1042 llleenim
698 985 726 1039 in
737 998 852 1056 regnum
876 982 1050 1044 sublimatus,
1106 977 1241 1033 tuleritis
1255 979 1341 1033 uirum
1356 980 1439 1035 oliam
1451 978 1478 1052 (1
1490 980 1552 1052 liep.
1562 982 1601 1054 x).
1617 981 1720 1039 Videns
1739 982 1817 1040 enim
1830 984 1885 1053 qui.

271 1088 306 1141 ad
322 1082 470 1155 regendum
489 1079 618 1152 populum
633 1075 693 1142 uei,
706 1076 812 1132 scilieet
833 1083 862 1130 ut
874 1074 940 1129 vitia
952 1071 1052 1128 exstir·
1105 1070 1169 1125 libet
1187 1069 1262 1141 requi
1275 1070 1395 1127 coelestis
1419 1073 1555 1143 particeps
1578 1083 1605 1130 et
1625 1075 1775 1130 vocatione
1798 1074 1884 1131 dirim

270 1184 349 1250 paret
364 1182 391 1228 et
411 1171 542 1244 populum
565 1169 697 1224 virtutum
722 1167 838 1221 nutriret
867 1173 894 1220 et
917 1172 1051 1226 tueretur,
1103 1162 1213 1232 dignus,
1230 1178 1324 1220 servos
1343 1162 1390 1218 liei
1405 1163 1443 1218 ita
1465 1157 1607 1231 viv'entcs,
1635 1167 1736 1237 accipit
1764 1167 1884 1222 divinum

271 1283 322 1340 pro
335 1266 413 1336 signo
425 1263 450 1319 ei
461 1261 573 1327 dicitur,
587 1267 617 1315 ut
632 1260 660 1314 in
680 1258 778 1313 collem
799 1255 847 1312 uei
867 1255 983 1311 veniat:
1006 1254 1053 1324 qui
1104 1269 1235 1320 amorem,
1259 1263 1288 1310 et
1306 1270 1367 1339 cqm
1382 1256 1465 1313 cisse
1479 1258 1507 1314 in
1525 1260 1734 1316 couversatione
1757 1269 1886 1331 pingens,

271 1359 361 1423 collis,
374 1357 444 1412 sicut
459 1353 642 1424 Hieronymus
656 1357 782 1414 testatur,
794 1347 926 1403 hahitatio
936 1347 1055 1417 prophe·
1104 1355 1198 1402 narrat
1212 1345 1331 1403 luturam
1345 1349 1494 1405 electorum
1513 1351 1637 1422 gloriam,
1660 1359 1843 1425 mutaturque
1862 1355 1887 1410 io

272 1460 361 1506 tarum
376 1456 452 1513 crat;
467 1445 531 1518 quin
545 1443 623 1499 decet
638 1440 770 1496 christum
786 1438 894 1495 Domini
910 1440 979 1495 tales
989 1438 1054 1494 imi·
1103 1441 1193 1496 virum
1207 1442 1301 1506 alium,
1315 1443 1402 1513 utqui
1414 1452 1477 1499 ante
1503 1444 1554 1499 luit
1581 1445 1762 1517 blasphemus
1776 1456 1806 1504 et
1821 1449 1888 1521 inju-

273 1543 335 1608 tari,
352 1540 398 1612 qni
414 1540 479 1595 lieet
492 1549 608 1607 corpore
624 1533 680 1589 sint
701 1531 730 1587 in
754 1537 838 1595 terra,
865 1536 957 1585 tamen
971 1544 1055 1601 super
1104 1530 1209 1594 riosus,
1227 1545 1301 1586 nunc
1326 1532 1362 1588 sit
1383 1531 1481 1589 divine
1507 1535 1705 1593 misericordiae
1724 1538 1889 1610 praedicator

271 1643 373 1689 terram
389 1628 598 1686 conversatione
616 1638 647 1681 se
661 1637 723 1680 esse
746 1623 774 1678 in
790 1622 867 1678 omlis
883 1621 1056 1678 demonstra·
1105 1623 1244 1681 assiduus.

273 1732 350 1791 rent;
367 1723 440 1794 quod
455 1718 624 1776 habitatione
638 1715 717 1770 collis
731 1712 783 1769 boc
799 1713 860 1768 loco
881 1727 936 1767 non
956 1711 1054 1767 incorr·
1141 1716 1185 1772 lb.
1203 1716 1271 1783 Sed,
1287 1717 1359 1774 dicet
1373 1719 1484 1790 aliquis,
1494 1737 1581 1793 quare
1599 1723 1626 1780 id
1641 1724 1715 1796 qood
1732 1726 1825 1784 erim
1838 1729 1889 1785 «ιθ.

271 1817 412 1873 venientes
425 1810 588 1869 ostenditur.
604 1806 684 1875 0¹¹⁰d
697 1821 763 1863 ¹0¹⁰
791 1805 872 1862 sibilo
890 1802 1053 1859 philistino-
1106 1807 1171 1864 ricis
1183 1816 1210 1865 et
1220 1810 1313 1866 multis
1324 1810 1386 1867 aliis
1399 1812 1442 1868 rel
1452 1814 1581 1870 omnibus
1593 1814 1718 1874 udetihus
1736 1809 1888 1891 congruere

273 1923 333 1964 rum
352 1907 389 1962 ibi
404 1919 465 1961 esse
480 1901 646 1966 ostenditur,
664 1899 710 1954 ubi
722 1905 765 1954 est
784 1897 916 1952 hahitatio
937 1894 1055 1966 prophe·
1106 1906 1206 1970 potest,
1219 1901 1359 1957 monachis
1373 1908 1479 1959 tantum
1504 1905 1597 1975 quiin
1613 1906 1776 1966 civitatibus
1791 1911 1888 1980 degum

273 2006 374 2059 tarum,
388 2004 484 2050 nostro
499 1991 648 2049 intellectui
665 1990 746 2053 lavet,
757 1988 821 2059 quia
838 1986 916 2042 dccet
927 1985 957 2043 ¹et
968 2001 983 2041 a
996 1994 1055 2041 tvm·
1070 1997 1092 2052 Β
1106 1989 1230 2062 assignas
1241 1991 1253 2046 i
1263 1991 1424 2062 despondeo
1439 1994 1549 2065 quidem
1569 1998 1697 2054 omnibus
1723 1999 1887 2057 Christianis

271 2087 315 2142 bis
327 2092 494 2157 segregatos,
508 2083 586 2154 juxta
605 2081 750 2152 maliqnos,
764 2078 850 2148 etqui
875 2083 940 2133 sunt
953 2075 1053 2132 eaden·
1105 2081 1220 2139 virtutes
1236 2083 1320 2138 animi
1334 2090 1362 2139 ct
1377 2101 1490 2158 regnum
1515 2074 1647 2143 virtutum
1667 2097 1767 2145 cenem
1783 2091 1850 2147 ,pra
1862 2103 1887 2148 ,q

272 2186 315 2234 tes
339 2177 382 2232 vel
401 2150 481 2231 risina
506 2174 610 2247 populi,
628 2171 702 2243 quod
729 2171 943 2240 interpretantur
968 2165 1055 2222 Phili·
1105 2173 1239 2230 servorem
1266 2174 1384 2248 Spiritus
1412 2179 1513 2244 sancti,
1540 2188 1567 2236 et
1591 2182 1798 2253 susceptionem
1819 2185 1883 2240 tanti

272 2270 358 2333 stiim,
374 2268 570 2323 habitationem
593 2266 703 2327 habere,
722 2270 751 2318 ut
765 2262 827 2316 aliie
857 2260 924 2316 odor
947 2260 1053 2315 citent
1105 2267 1350 2340 denieongruere;
1380 2272 1427 2328 sed
1448 2272 1477 2327 in
1503 2272 1547 2328 his
1567 2288 1628 2344 quae
1648 2275 1792 2345 supradixi
1812 2278 1886 2335 video

271 2358 458 2427 eitomijurta
486 2356 648 2427 Apostolum
676 2352 720 2426 (ll
749 2351 812 2408 Cor.
837 2352 868 2423 n)
893 2350 1052 2414 existentes,
1105 2359 1455 2428 quamdnmrnonachorum
1471 2361 1887 2435 taliumpropriamassignatio·

271 2450 407 2505 cadantet
421 2455 502 2502 ruant
516 2447 568 2517 ipsi
587 2445 728 2516 malignis
743 2442 844 2497 malitia
868 2456 929 2508 sua,
950 2438 1052 2496 interh-
1104 2466 1178 2515 nem,
1194 2466 1256 2505 „am
1272 2451 1308 2506 ibi
1323 2453 1402 2510 ,ideo
1415 2453 1512 2509 eonem
1527 2451 1633 2509 nomini
1646 2455 1727 2525 jum
1742 2458 1884 2514 stationem

272 2542 376 2596 cientes
389 2545 418 2594 et
431 2553 512 2595 ruere
523 2538 657 2593 iacientes
681 2535 709 2590 in
735 2535 897 2605 semetipsos
922 2532 1053 2603 populum
1106 2541 1325 2607 prqpsqnomm⁹
1339 2544 1448 2600 invenio
1463 2551 1492 2600 e,
1506 2545 1602 2600 urbem
1629 2555 1656 2601 e,
1671 2547 1698 2601 in
1722 2546 1783 2619 ipsa
1796 2562 1885 2605 sm

271 2637 458 2702 letemini
473 2635 503 2683 tlt
517 2626 651 2682 humiliati
663 2631 811 2691 §intuitui
829 2624 889 2678 tlt't‘t
902 2621 966 2677 ⁰1¹⁰?
980 2637 1053 2676 mitt·
1105 2628 1153 2685 liei
1165 2639 1356 2703 congregatos,
1383 2641 1411 2689 et
1432 2633 1515 2689 Deum
1530 2633 1672 2691 laudantes
1691 2654 1697 2691 ι
1725 2635 1801 2694 unde
1815 2638 1884 2694 salra

273 2724 309 2777 tis
328 2723 356 2776 ia
381 2729 490 2774 mortem
516 2729 680 2782 manentes,
707 2717 925 2787 persecutionem
948 2729 964 2796 a
991 2713 1054 2770 liliis
1105 2724 1158 2779 nde
1174 2724 1302 2793 conjicio,
1317 2741 1366 2782 eos
1380 2741 1475 2782 servos
1493 2724 1541 2782 liei
1556 2727 1603 2796 qui
1618 2727 1646 2784 in
1666 2729 1830 2791 civitatibus
1841 2735 1884 2791 de·

271 2813 370 2868 mortis
385 2811 551 2874 sustineant,
572 2817 602 2863 ut
625 2809 661 2863 ad
679 2822 777 2876 purum
796 2822 846 2877 per
868 2803 1054 2861 tribulationis
1106 2821 1173 2886 gunt
1187 2820 1213 2869 et
1224 2815 1349 2870 monachi
1362 2824 1436 2881 sunt,
1447 2831 1498 2872 nec
1512 2817 1683 2876 secularium
1699 2838 1804 2890 rervtm,
1819 2826 1884 2882 sicut

273 2902 363 2974 ignem
375 2901 492 2966 decocti,
507 2900 600 2955 dicant
614 2914 677 2954 cum
687 2896 834 2952 Psalmista
848 2914 855 2950 ι
872 2895 1054 2950 Trnneioimut
1105 2904 1198 2959 cleriei
1210 2913 1238 2961 et
1252 2904 1419 2970 sacerdotes,
1438 2906 1485 2964 seh
1497 2909 1539 2965 sui
1552 2917 1658 2966 tantum
1668 2927 1764 2969 curam
1776 2915 1882 2981 babent,

272 2994 414 3064 littidum
427 3002 452 3046 θ’
471 2999 618 3062 aquomst
634 2988 748 3043 ‘iuditii
763 3005 810 3045 '¹⁰⁸
834 2989 862 3043 5⁸
887 2986 1054 3059 restiterim
1105 2996 1282 3066 praeligrrrari.
1300 2994 1377 3052 Unde
1389 2999 1491 3055 talibus
1505 3003 1588 3057 etiarn
1605 3004 1749 3062 monachis
1774 3019 1880 3064 cautum

274 3083 363 3154 (9⁸st
380 3084 454 3153 in)·
611 3113 613 3115 ’
1105 3101 1166 3142 esse
1178 3086 1276 3144 debere
1286 3089 1429 3154 condrmo,
1446 3092 1518 3163 quod
1533 3094 1560 3147 in
1574 3094 1699 3164 pluribus
1714 3096 1785 3154 locis
1798 3099 1882 3165 rideo,

310 3175 355 3230 ll.
370 3171 594 3244 sequituretiam
618 3170 648 3227 iu
665 3169 782 3225 lectione
801 3170 860 3235 illa,
883 3178 909 3226 et
933 3185 992 3223 cnm
1013 3169 1055 3222 ih·
1106 3175 1260 3231 utodicinae
1273 3177 1368 3233 talium
1384 3180 1417 3235 ad
1443 3180 1637 3238 habitationem
1659 3183 1882 3259 hominumjuxta

273 3282 378 3336 pressus
394 3265 476 3336 surde
494 3264 531 3318 tii
555 3262 665 3326 arbem,
690 3261 793 3344 obviem
821 3259 928 3316 metm
951 3274 1055 3332 prepete
1106 3281 1136 3324 sc
1150 3268 1302 3338 positorum
1316 3284 1372 3324 non
1387 3271 1547 3342 respiciant,
1559 3273 1606 3328 sed
1617 3283 1694 3329 extra
1712 3277 1882 3334 secularium

272 3359 459 3429 prophetarem
468 3354 842 3411 hieromnttamteeecetso.
864 3353 973 3410 latuere
987 3340 1093 3425 quo-C
1108 3358 1301 3417 habitationem
1319 3361 1434 3418 intuitus
1444 3378 1510 3419 suos
1523 3362 1652 3435 deligant,
1671 3373 1703 3420 ut
1721 3365 1800 3423 ducti
1823 3383 1882 3425 cum

274 3452 349 3507 uiam
361 3451 412 3521 ipsi
426 3449 603 3522 prophetaret
618 3448 647 3504 in
659 3449 770 3505 excelso
789 3449 948 3513 manebant,
962 3456 991 3505 ct
1005 3449 1056 3504 ali·
1105 3448 1169 3506 lesu
1190 3451 1218 3506 in
1233 3452 1372 3508 desertum
1389 3468 1404 3507 a
1419 3454 1516 3525 spiritu
1531 3464 1561 3510 ut
1574 3461 1714 3512 tententur
1729 3473 1745 3514 a
1767 3459 1883 3528 diabolo,

273 3543 384 3614 quando
398 3541 432 3597 de
445 3541 556 3597 excelso
569 3540 780 3604 descendebant,
799 3551 827 3595 et
844 3554 894 3610 per
917 3538 1055 3595 civitatem
1106 3541 1130 3594 si
1153 3540 1223 3598 torte
1247 3543 1372 3601 diabolus
1391 3543 1585 3602 habitationem
1614 3547 1688 3603 illam
1715 3552 1884 3609 saecularium

274 3635 440 3691 transibant.
452 3633 485 3688 lit
506 3635 569 3690 vide
586 3633 614 3690 si
637 3632 667 3688 in
690 3632 743 3688 isto
756 3632 838 3688 etiam
855 3640 978 3704 tempore
1003 3631 1056 3688 boc
1107 3632 1257 3690 ostenderit
1271 3635 1311 3692 eis
1325 3634 1420 3692 dicens
1435 3653 1443 3693 ε
1460 3635 1518 3692 baec
1540 3639 1632 3693 omnia
1645 3640 1725 3696 robis
1752 3642 1787 3698 ad
1802 3643 1884 3699 molu-

273 3727 375 3799 aqitur,
388 3725 498 3797 quando
511 3723 638 3799 morracbi
649 3724 695 3796 qui
710 3725 739 3780 in
751 3724 908 3781 civitatibus
921 3723 1054 3788 habitant,
1106 3731 1209 3796 ptatem
1220 3725 1301 3791 dabo,
1317 3725 1340 3781 si
1354 3725 1527 3796 procidentes
1539 3742 1555 3781 a
1567 3735 1640 3783 statu
1654 3730 1836 3801 professionis
1846 3749 1886 3792 re·

274 3819 451 3876 advenientes
467 3831 577 3888 quoque
595 3818 761 3890 suscipiunt,
773 3816 916 3875 utdonum
923 3815 971 3874 bei
983 3817 1056 3889 quod
1107 3823 1169 3870 strae
1182 3814 1361 3872 adoraveritis
1376 3830 1431 3883 me;
1452 3815 1535 3888 positi
1557 3832 1619 3873 cum
1637 3817 1730 3891 tloyse
1753 3823 1782 3877 in
1804 3821 1885 3878 licum

277 3912 330 3984 ipsi
346 3911 457 3980 habent,
472 3926 523 3984 pro
533 3910 639 3968 viribus
660 3910 722 3966 aliis
746 3909 914 3982 imperulant.
939 3907 1057 3966 liudem
1105 3902 1267 3971 Pharaonis,
1287 3905 1314 3961 id
1335 3915 1377 3962 est
1398 3906 1473 3962 illius
1490 3907 1683 3979 dissipatoris,
1704 3914 1886 3984 respondeant

273 4002 480 4059 descenderede
497 4002 605 4058 excelso
619 4002 758 4065 dicuntur,
772 3999 837 4070 quia
851 3997 968 4056 infirmis
981 4014 1056 4055 eom·
1105 3999 1170 4066 sihi,
1196 4014 1251 4054 non
1275 4001 1428 4056 tentatori:
1448 4000 1597 4068 Oanima,
1625 4002 1772 4060 bominum
1803 4004 1886 4061 licum

273 4094 428 4164 patiuntur,
449 4100 479 4147 ut
507 4092 623 4149 infirmis
647 4090 712 4146 lacti
734 4090 835 4146 indrmi
863 4090 988 4148 indrmos
1014 4092 1056 4146 lu·
1106 4098 1182 4146 tuum
1197 4089 1333 4156 adorabis,
1346 4106 1400 4148 non
1413 4089 1554 4147 Satanam.
1574 4090 1680 4149 intuere
1694 4094 1886 4151 adhucbomi·

273 4188 397 4237 crentur.
417 4178 555 4251 Greqatim
567 4181 650 4235 etiam
668 4180 790 4261 veniunt,
805 4180 891 4234 utubi
902 4180 996 4250 plures
1011 4181 1056 4236 io·
1106 4194 1171 4235 nunt
1185 4178 1289 4246 Iesum,
1302 4182 1325 4238 si
1336 4182 1407 4239 lorte
1423 4181 1513 4239 simile
1528 4183 1630 4253 aliquid
1652 4184 1758 4243 lecerit.
1788 4185 1885 4242 Narrat

273 4272 383 4329 veneris
396 4272 459 4327 vitae
472 4271 556 4328 mins
574 4271 708 4336 comites,
731 4286 800 4342 quos
821 4270 902 4327 ctiam
932 4270 1056 4329 iudrmos
1105 4273 1271 4344 evangelista
1280 4271 1400 4330 loannes
1415 4293 1422 4329 :
1440 4272 1519 4329 lesus
1532 4285 1630 4341 eutem,
1642 4275 1750 4347 iuquit,
1763 4279 1823 4348 iem
1836 4294 1885 4333 sor

274 4364 401 4421 homiues
416 4378 478 4420 csse
492 4367 606 4419 sicutte
625 4362 717 4432 ipsum
742 4361 837 4429 nosti,
863 4375 919 4416 nou
945 4361 1055 4419 dubites
1107 4364 1198 4434 palem
1210 4363 1363 4419 ambulabat
1381 4363 1451 4433 opud
1469 4363 1649 4431 detinemini
1673 4367 1783 4424 obiitin
1804 4371 1887 4442 reqio-

273 4459 337 4513 cum
349 4458 390 4513 eis
401 4471 456 4513 uno
469 4456 569 4528 spiritu
585 4455 758 4526 participare.
784 4453 891 4509 Dicitur
903 4455 985 4511 ctiam
995 4454 1053 4511 ibi:
1106 4472 1164 4511 nem
1173 4456 1254 4525 justo
1268 4455 1398 4512 decertem
1411 4457 1440 4511 in
1453 4457 1583 4511 ciuitatem
1598 4456 1721 4527 Ephrem,
1740 4471 1766 4515 et
1781 4461 1819 4515 iii
1831 4478 1886 4517 me-

274 4548 345 4616 Quie
359 4545 680 4616 onteeospselteriemet
694 4545 960 4617 tympenvmettihie
977 4554 1003 4601 et
1017 4547 1056 4601 ci-
1106 4544 1283 4600 rehetercttm
1297 4544 1434 4617 discipulis
1455 4546 1512 4600 attis
1541 4544 1695 4616 (boumn).
1711 4548 1784 4605 Ecce
1801 4551 1887 4608 habes

274 4641 363 4708 there,
381 4650 405 4696 et
421 4641 471 4705 ieri
482 4638 668 4710 prophetantes
682 4637 709 4710 il
724 4636 787 4709 liep.
800 4636 840 4708 x).
856 4634 970 4708 Oportet
980 4639 1053 4693 enim
1070 4635 1199 4737 Dlesum
1213 4638 1366 4710 proximum
1378 4637 1457 4693 morti
1467 4637 1538 4709 apud
1551 4636 1659 4695 ludaeos
1670 4641 1812 4700 occisores
1822 4658 1886 4699 sum

272 4733 343 4789 tales
369 4731 493 4789 homines
510 4745 618 4801 semper
641 4729 741 4786 hahere
759 4731 871 4786 verbum
892 4729 954 4796 bei,
980 4728 1054 4801 quod
1103 4728 1159 4799 jam
1175 4743 1230 4784 non
1242 4728 1330 4799 palam
1347 4728 1541 4795 ambulantem,
1562 4728 1610 4786 sed
1627 4731 1765 4802 regionem
1778 4735 1886 4791 deserte

274 4825 353 4896 quasi
372 4824 531 4895 psalterium
547 4821 581 4879 de
594 4821 784 4894 superioribus
798 4829 919 4890 resonat,
938 4830 966 4877 et
981 4821 1055 4893 quod
1105 4820 1257 4892 proximam
1274 4828 1452 4893 quaerentem,
1467 4823 1577 4879 etiosa
1590 4838 1652 4879 cum
1667 4822 1812 4897 discipulis
1824 4842 1886 4882 ma·

273 4915 308 4969 de
321 4913 391 4968 coelo
405 4928 421 4967 a
439 4912 575 4984 regalibus
590 4910 701 4968 sedibus
717 4911 809 4977 venit,
821 4916 849 4968 c't
862 4925 944 4984 super
960 4926 1056 4968 omnes
1105 4918 1227 4979 nenmm,
1245 4919 1273 4967 et
1293 4911 1346 4967 hoc
1367 4911 1518 4969 incivitate
1543 4930 1604 4986 quae
1627 4915 1737 5000 dicitur·
1754 4915 1885 4989 Ephrem.

272 5014 326 5072 cst,
338 5005 438 5061 habere
450 5013 477 5060 et
492 5015 663 5077 tympanum,
676 5004 750 5076 quod
769 5019 803 5061 ex
817 5007 934 5061 mortuis
949 5006 1055 5060 auium·
1105 5002 1222 5074 Ephrem
1237 5004 1431 5074 iuterpretatur
1440 5003 1536 5074 fertilis
1546 5007 1690 5062 reluctetur
1701 5006 1736 5062 ab
1747 5010 1885 5082 augendo.

273 5097 346 5153 libus
358 5095 396 5162 dt,
415 5096 484 5167 pelle
498 5094 621 5151 detracta
634 5104 661 5151 et
673 5096 794 5160 siccata,
814 5104 845 5151 ut
862 5097 1055 5157 immortalita-
1106 5093 1188 5154 Vides
1202 5095 1268 5167 quid
1283 5096 1310 5150 in
1325 5097 1520 5155 tentationibus
1539 5099 1597 5155 suis
1609 5099 1636 5154 in
1648 5099 1748 5171 qulbus
1758 5109 1788 5157 et
1802 5101 1889 5159 disci·

272 5199 328 5248 tem
340 5204 421 5260 quam
436 5188 545 5259 assequi
562 5187 677 5257 cupiunt
695 5187 774 5244 bonis
793 5187 923 5258 operibus
934 5187 1056 5243 consoli·
1106 5187 1162 5256 puli
1173 5187 1234 5257 ejus
1246 5202 1309 5242 cum
1325 5188 1565 5259 ipsomanscrunt,
1580 5190 1651 5244 sieut
1666 5189 1725 5261 ipse
1747 5193 1886 5262 perhibet,

274 5282 329 5338 dati
342 5288 369 5336 et
379 5281 500 5337 indurati
514 5290 655 5339 resonent.
667 5280 801 5337 Convenit
813 5282 896 5337 etiam
915 5283 943 5337 in
961 5283 1004 5339 his
1019 5283 1055 5338 ti·
1103 5279 1244 5349 quaesierit
1254 5277 1345 5336 lesus.
1362 5278 1493 5346 Quaesivit
1507 5281 1598 5344 enim,
1612 5287 1639 5336 et
1651 5281 1768 5337 esurivit
1782 5291 1811 5340 et
1824 5285 1887 5341 siti·

273 5375 319 5432 bia
330 5390 391 5446 quae
405 5374 439 5429 ab
454 5387 509 5428 uuo
520 5371 608 5443 surqit
618 5381 645 5428 et
654 5374 683 5428 in
697 5373 751 5428 duo
765 5373 930 5440 extenditur,
949 5374 1055 5431 scilicet
1104 5371 1144 5424 rit
1156 5370 1270 5426 salutem
1285 5377 1313 5426 et
1322 5377 1496 5441 augmentum
1507 5385 1648 5426 servorum
1660 5387 1785 5441 suorum,
1797 5376 1887 5433 ethoe

274 5475 304 5522 ut
316 5465 399 5523 Deum
414 5465 530 5537 diligant
541 5473 569 5519 ct
583 5464 747 5535 proximum.
774 5463 882 5521 liabent
906 5473 970 5521 ante
985 5482 1015 5523 se
1027 5475 1054 5524 et
1102 5461 1180 5532 i'tntia
1196 5461 1349 5526 desertum,
1375 5461 1523 5518 mundum
1552 5462 1737 5532 lll⁰ll¹¹0²i⁰²¹¹¹
1763 5481 1884 5525 woemt

272 5556 407 5614 citharam
423 5556 528 5628 quaeab
541 5554 718 5611 inferioribus
732 5563 854 5620 resonat,
867 5555 932 5626 quia
945 5555 989 5613 his
999 5571 1055 5611 om·
1104 5551 1202 5608 Scitote
1212 5562 1272 5609 sent
1294 5554 1321 5607 in
1339 5554 1441 5609 deserto
1463 5569 1539 5623 equor
1558 5563 1583 5607 et
1609 5563 1735 5611 torrentes
1748 5556 1776 5611 itt
1789 5559 1886 5614 solite·

273 5649 357 5706 nibus
371 5649 608 5704 mortillcationem
628 5646 731 5703 Christi
746 5647 775 5703 in
798 5663 913 5719 corpore
934 5664 985 5706 suo
999 5649 1055 5704 eir·
1104 5643 1173 5708 dine.
1188 5653 1217 5697 et
1232 5644 1335 5699 letetur
1348 5645 1451 5700 deserte
1463 5652 1488 5698 et
1499 5645 1588 5710 troie,
1614 5655 1640 5701 et
1662 5647 1814 5715 neminem
1825 5665 1887 5720 per·

273 5740 409 5796 eumierre
423 5738 560 5810 congruit,
575 5739 655 5795 aliter
668 5739 742 5795 enirn
769 5736 901 5809 Spiritum
929 5747 1053 5795 sanctum
1104 5736 1183 5790 roinet
1194 5744 1219 5790 et
1230 5734 1381 5805 fructificet,
1396 5749 1477 5788 snum
1490 5751 1556 5802 m,
1570 5745 1595 5790 et
1609 5753 1690 5792 enam
1713 5753 1747 5793 tx
1760 5747 1789 5793 et
1802 5756 1886 5795 arten

273 5832 383 5902 assequi
396 5845 450 5887 non
462 5831 563 5896 valent,
579 5830 633 5887 nisi
648 5831 700 5886 ista
711 5831 926 5897 observaverint,
942 5845 993 5886 nec
1006 5830 1055 5885 ali·
1104 5845 1119 5885 c
1134 5829 1203 5902 (lea.
1216 5828 1310 5900 xxxv).
1323 5827 1364 5885 'l'u
1380 5845 1445 5887 vcro
1455 5832 1502 5901 qui
1512 5834 1662 5890 monachus
1675 5835 1790 5892 effectus
1803 5852 1846 5902 es,
1857 5846 1886 5894 et

273 5919 354 5995 queu't
367 5923 401 5980 de
412 5923 455 5982 his
469 5924 515 5996 qui
530 5938 643 5996 aequum
657 5923 792 5979 mortisia
807 5938 837 5978 se
849 5922 991 5981 destrucre
1005 5937 1054 5979 cu·
1106 5925 1157 5982 suh
1171 5925 1279 5983 abbatis
1295 5923 1410 5994 imperio
1420 5926 1500 5996 quasi
1510 5942 1572 5983 cum
1584 5925 1654 6007 lesu·
1663 5929 1792 5998 moraris,
1808 5929 1883 6003 luge
