<?xml version="1.0" encoding="UTF-8"?>
<!DOCTYPE html PUBLIC "-//W3C//DTD XHTML 1.0 Transitional//EN"
    "http://www.w3.org/TR/xhtml1/DTD/xhtml1-transitional.dtd">
<html xmlns="http://www.w3.org/1999/xhtml" xml:lang="en" lang="en">
 <head>
  <title>
</title>
<meta http-equiv="Content-Type" content="text/html;charset=utf-8" />
  <meta name='ocr-system' content='tesseract 3.04.00' />
  <meta name='ocr-capabilities' content='ocr_page ocr_carea ocr_par ocr_line ocrx_word'/>
</head>
<body>
  <div class='ocr_page' id='page_1' title='image "./patrologiaecurs78unkngoog/patrologiaecurs78unkngoog_0218.png"; bbox 0 0 4350 6709; ppageno 0'>
   <div class='ocr_carea' id='block_1_1' title="bbox 340 505 1970 588">
    <p class='ocr_par' dir='ltr' id='par_1_1' title="bbox 340 505 1970 588">
     <span class='ocr_line' id='line_1_1' title="bbox 340 505 1970 588; baseline -0.013 -13"><span class='ocrx_word' id='word_1_1' title='bbox 340 530 394 588; x_wconf 69' lang='lat' dir='ltr'><strong>m</strong></span> <span class='ocrx_word' id='word_1_2' title='bbox 873 511 1012 569; x_wconf 74' lang='lat' dir='ltr'><strong>stultiut</strong></span> <span class='ocrx_word' id='word_1_3' title='bbox 1029 505 1277 567; x_wconf 70' lang='lat' dir='ltr'><strong>ettsboxfittsls</strong></span> <span class='ocrx_word' id='word_1_4' title='bbox 1296 505 1452 564; x_wconf 71' lang='lat' dir='ltr'><strong>attacum</strong></span> <span class='ocrx_word' id='word_1_5' title='bbox 1913 511 1970 567; x_wconf 67' lang='lat' dir='ltr'><strong>m</strong></span> 
     </span>
    </p>
   </div>
   <div class='ocr_carea' id='block_1_2' title="bbox 340 625 1973 816">
    <p class='ocr_par' dir='ltr' id='par_1_2' title="bbox 340 625 1973 816">
     <span class='ocr_line' id='line_1_2' title="bbox 340 625 1973 724; baseline -0.001 -31"><span class='ocrx_word' id='word_1_6' title='bbox 340 650 441 724; x_wconf 55' lang='lat' dir='ltr'><strong>,pylum</strong></span> <span class='ocrx_word' id='word_1_7' title='bbox 457 643 492 704; x_wconf 78' lang='lat' dir='ltr'><strong>ds</strong></span> <span class='ocrx_word' id='word_1_8' title='bbox 510 641 625 699; x_wconf 77' lang='lat' dir='ltr'><strong>menois</strong></span> <span class='ocrx_word' id='word_1_9' title='bbox 646 648 675 695; x_wconf 87' lang='lat' dir='ltr'><strong>et</strong></span> <span class='ocrx_word' id='word_1_10' title='bbox 698 638 851 700; x_wconf 88' lang='lat' dir='ltr'><strong>morituris,</strong></span> <span class='ocrx_word' id='word_1_11' title='bbox 869 633 984 704; x_wconf 74' lang='lat' dir='ltr'><strong>sepultis</strong></span> <span class='ocrx_word' id='word_1_12' title='bbox 1001 639 1029 688; x_wconf 90' lang='lat' dir='ltr'><strong>et</strong></span> <span class='ocrx_word' id='word_1_13' title='bbox 1049 645 1130 700; x_wconf 88' lang='lat' dir='ltr'><strong>sepe·</strong></span> <span class='ocrx_word' id='word_1_14' title='bbox 1145 635 1167 694; x_wconf 67' lang='lat' dir='ltr'>A</span> <span class='ocrx_word' id='word_1_15' title='bbox 1181 627 1228 700; x_wconf 85' lang='lat' dir='ltr'><strong>qui</strong></span> <span class='ocrx_word' id='word_1_16' title='bbox 1243 627 1419 698; x_wconf 83' lang='lat' dir='ltr'><strong>praecantavit</strong></span> <span class='ocrx_word' id='word_1_17' title='bbox 1433 641 1506 683; x_wconf 88' lang='lat' dir='ltr'><strong>eum.</strong></span> <span class='ocrx_word' id='word_1_18' title='bbox 1528 625 1714 685; x_wconf 79' lang='lat' dir='ltr'><strong>Praeeantatus</strong></span> <span class='ocrx_word' id='word_1_19' title='bbox 1728 638 1852 700; x_wconf 86' lang='lat' dir='ltr'><strong>portetur</strong></span> <span class='ocrx_word' id='word_1_20' title='bbox 1862 631 1896 688; x_wconf 89' lang='lat' dir='ltr'><strong>ad</strong></span> <span class='ocrx_word' id='word_1_21' title='bbox 1907 647 1973 704; x_wconf 86' lang='lat' dir='ltr'><strong>spe·</strong></span> 
     </span>
     <span class='ocr_line' id='line_1_3' title="bbox 340 719 1970 816; baseline -0.005 -24"><span class='ocrx_word' id='word_1_22' title='bbox 340 742 440 816; x_wconf 63' lang='lat' dir='ltr'><strong>pendis</strong></span> <span class='ocrx_word' id='word_1_23' title='bbox 452 735 555 809; x_wconf 91' lang='lat' dir='ltr'><strong>aliquid</strong></span> <span class='ocrx_word' id='word_1_24' title='bbox 567 733 677 800; x_wconf 90' lang='lat' dir='ltr'><strong>addere,</strong></span> <span class='ocrx_word' id='word_1_25' title='bbox 688 730 762 803; x_wconf 93' lang='lat' dir='ltr'><strong>quod</strong></span> <span class='ocrx_word' id='word_1_26' title='bbox 772 743 853 785; x_wconf 89' lang='lat' dir='ltr'><strong>aures</strong></span> <span class='ocrx_word' id='word_1_27' title='bbox 865 734 970 798; x_wconf 91' lang='lat' dir='ltr'><strong>pascat,</strong></span> <span class='ocrx_word' id='word_1_28' title='bbox 979 732 1006 779; x_wconf 88' lang='lat' dir='ltr'><strong>et</strong></span> <span class='ocrx_word' id='word_1_29' title='bbox 1021 722 1130 779; x_wconf 89' lang='lat' dir='ltr'><strong>animas</strong></span> <span class='ocrx_word' id='word_1_30' title='bbox 1182 721 1291 776; x_wconf 91' lang='lat' dir='ltr'><strong>lrmcam</strong></span> <span class='ocrx_word' id='word_1_31' title='bbox 1305 737 1321 776; x_wconf 89' lang='lat' dir='ltr'><strong>a</strong></span> <span class='ocrx_word' id='word_1_32' title='bbox 1335 719 1536 787; x_wconf 85' lang='lat' dir='ltr'><strong>consimilibus,</strong></span> <span class='ocrx_word' id='word_1_33' title='bbox 1562 731 1593 777; x_wconf 92' lang='lat' dir='ltr'><strong>ttt</strong></span> <span class='ocrx_word' id='word_1_34' title='bbox 1613 722 1746 779; x_wconf 89' lang='lat' dir='ltr'><strong>diaconus</strong></span> <span class='ocrx_word' id='word_1_35' title='bbox 1760 739 1775 779; x_wconf 94' lang='lat' dir='ltr'><strong>a</strong></span> <span class='ocrx_word' id='word_1_36' title='bbox 1794 722 1970 796; x_wconf 76' lang='lat' dir='ltr'><strong>diaconibus,</strong></span> 
     </span>
    </p>
   </div>
   <div class='ocr_carea' id='block_1_3' title="bbox 306 812 1980 4880">
    <p class='ocr_par' dir='ltr' id='par_1_3' title="bbox 306 812 1974 3302">
     <span class='ocr_line' id='line_1_4' title="bbox 339 812 1971 894; baseline -0.015 -1"><span class='ocrx_word' id='word_1_37' title='bbox 339 834 441 894; x_wconf 84' lang='lat' dir='ltr'><strong>iovcat.</strong></span> <span class='ocrx_word' id='word_1_38' title='bbox 456 828 604 885; x_wconf 78' lang='lat' dir='ltr'><strong>lloriturus</strong></span> <span class='ocrx_word' id='word_1_39' title='bbox 628 825 719 892; x_wconf 84' lang='lat' dir='ltr'><strong>iraque</strong></span> <span class='ocrx_word' id='word_1_40' title='bbox 731 822 795 878; x_wconf 92' lang='lat' dir='ltr'><strong>dum</strong></span> <span class='ocrx_word' id='word_1_41' title='bbox 812 820 919 876; x_wconf 87' lang='lat' dir='ltr'><strong>laborat</strong></span> <span class='ocrx_word' id='word_1_42' title='bbox 942 818 968 871; x_wconf 94' lang='lat' dir='ltr'><strong>in</strong></span> <span class='ocrx_word' id='word_1_43' title='bbox 987 814 1129 877; x_wconf 77' lang='lat' dir='ltr'>extremis,</span> <span class='ocrx_word' id='word_1_44' title='bbox 1182 812 1339 868; x_wconf 86' lang='lat' dir='ltr'><strong>sacerdosa</strong></span> <span class='ocrx_word' id='word_1_45' title='bbox 1358 812 1558 878; x_wconf 88' lang='lat' dir='ltr'><strong>sacerdotibus,</strong></span> <span class='ocrx_word' id='word_1_46' title='bbox 1580 814 1604 870; x_wconf 92' lang='lat' dir='ltr'><strong>si</strong></span> <span class='ocrx_word' id='word_1_47' title='bbox 1615 815 1727 883; x_wconf 89' lang='lat' dir='ltr'><strong>adsunt,</strong></span> <span class='ocrx_word' id='word_1_48' title='bbox 1740 815 1862 888; x_wconf 76' lang='lat' dir='ltr'><strong>alioquin</strong></span> <span class='ocrx_word' id='word_1_49' title='bbox 1874 835 1971 876; x_wconf 77' lang='lat' dir='ltr'><strong>neces-</strong></span> 
     </span>
     <span class='ocr_line' id='line_1_5' title="bbox 340 904 1971 998; baseline -0.008 -15"><span class='ocrx_word' id='word_1_50' title='bbox 340 942 423 998; x_wconf 88' lang='lat' dir='ltr'><strong>super</strong></span> <span class='ocrx_word' id='word_1_51' title='bbox 438 923 531 980; x_wconf 90' lang='lat' dir='ltr'><strong>cinere</strong></span> <span class='ocrx_word' id='word_1_52' title='bbox 551 927 579 974; x_wconf 86' lang='lat' dir='ltr'><strong>et</strong></span> <span class='ocrx_word' id='word_1_53' title='bbox 604 915 680 989; x_wconf 90' lang='lat' dir='ltr'><strong>palea</strong></span> <span class='ocrx_word' id='word_1_54' title='bbox 695 916 858 986; x_wconf 77' lang='lat' dir='ltr'>deponatur,</span> <span class='ocrx_word' id='word_1_55' title='bbox 883 911 918 968; x_wconf 91' lang='lat' dir='ltr'><strong>ad</strong></span> <span class='ocrx_word' id='word_1_56' title='bbox 944 911 1031 965; x_wconf 89' lang='lat' dir='ltr'><strong>instar</strong></span> <span class='ocrx_word' id='word_1_57' title='bbox 1058 906 1130 964; x_wconf 90' lang='lat' dir='ltr'><strong>beati</strong></span> <span class='ocrx_word' id='word_1_58' title='bbox 1181 904 1249 960; x_wconf 90' lang='lat' dir='ltr'><strong>sitas</strong></span> <span class='ocrx_word' id='word_1_59' title='bbox 1265 919 1319 960; x_wconf 91' lang='lat' dir='ltr'><strong>uon</strong></span> <span class='ocrx_word' id='word_1_60' title='bbox 1338 904 1419 961; x_wconf 87' lang='lat' dir='ltr'><strong>babet</strong></span> <span class='ocrx_word' id='word_1_61' title='bbox 1440 904 1538 975; x_wconf 81' lang='lat' dir='ltr'><strong>legem.</strong></span> <span class='ocrx_word' id='word_1_62' title='bbox 1551 906 1661 963; x_wconf 84' lang='lat' dir='ltr'><strong>demum</strong></span> <span class='ocrx_word' id='word_1_63' title='bbox 1687 909 1832 967; x_wconf 89' lang='lat' dir='ltr'><strong>clericusa</strong></span> <span class='ocrx_word' id='word_1_64' title='bbox 1850 912 1971 979; x_wconf 86' lang='lat' dir='ltr'><strong>clericis,</strong></span> 
     </span>
     <span class='ocr_line' id='line_1_6' title="bbox 340 997 1971 1086; baseline -0.009 -11"><span class='ocrx_word' id='word_1_65' title='bbox 340 1017 461 1082; x_wconf 87' lang='lat' dir='ltr'><strong>llartini,</strong></span> <span class='ocrx_word' id='word_1_66' title='bbox 478 1014 525 1086; x_wconf 89' lang='lat' dir='ltr'><strong>qoi</strong></span> <span class='ocrx_word' id='word_1_67' title='bbox 540 1013 638 1082; x_wconf 76' lang='lat' dir='ltr'><strong>iacens</strong></span> <span class='ocrx_word' id='word_1_68' title='bbox 653 1009 680 1064; x_wconf 92' lang='lat' dir='ltr'><strong>in</strong></span> <span class='ocrx_word' id='word_1_69' title='bbox 697 1007 789 1064; x_wconf 92' lang='lat' dir='ltr'><strong>cincre</strong></span> <span class='ocrx_word' id='word_1_70' title='bbox 805 1005 889 1059; x_wconf 87' lang='lat' dir='ltr'><strong>vitam</strong></span> <span class='ocrx_word' id='word_1_71' title='bbox 909 1002 1007 1068; x_wconf 75' lang='lat' dir='ltr'><strong>irrisit,</strong></span> <span class='ocrx_word' id='word_1_72' title='bbox 1028 1000 1055 1054; x_wconf 93' lang='lat' dir='ltr'><strong>in</strong></span> <span class='ocrx_word' id='word_1_73' title='bbox 1072 1012 1129 1070; x_wconf 93' lang='lat' dir='ltr'><strong>quo</strong></span> <span class='ocrx_word' id='word_1_74' title='bbox 1181 997 1268 1054; x_wconf 84' lang='lat' dir='ltr'><strong>laicus</strong></span> <span class='ocrx_word' id='word_1_75' title='bbox 1282 1013 1298 1052; x_wconf 92' lang='lat' dir='ltr'><strong>a</strong></span> <span class='ocrx_word' id='word_1_76' title='bbox 1314 997 1402 1064; x_wconf 85' lang='lat' dir='ltr'><strong>iaicis,</strong></span> <span class='ocrx_word' id='word_1_77' title='bbox 1416 1007 1444 1054; x_wconf 90' lang='lat' dir='ltr'><strong>et</strong></span> <span class='ocrx_word' id='word_1_78' title='bbox 1456 1000 1607 1069; x_wconf 80' lang='lat' dir='ltr'><strong>prasertim</strong></span> <span class='ocrx_word' id='word_1_79' title='bbox 1623 1001 1658 1056; x_wconf 84' lang='lat' dir='ltr'><strong>ab</strong></span> <span class='ocrx_word' id='word_1_80' title='bbox 1672 1002 1737 1071; x_wconf 92' lang='lat' dir='ltr'><strong>illis,</strong></span> <span class='ocrx_word' id='word_1_81' title='bbox 1751 1005 1798 1075; x_wconf 95' lang='lat' dir='ltr'><strong>qui</strong></span> <span class='ocrx_word' id='word_1_82' title='bbox 1813 1015 1878 1062; x_wconf 88' lang='lat' dir='ltr'><strong>sunt</strong></span> <span class='ocrx_word' id='word_1_83' title='bbox 1890 1008 1971 1080; x_wconf 74' lang='lat' dir='ltr'><strong>eius-</strong></span> 
     </span>
     <span class='ocr_line' id='line_1_7' title="bbox 340 1090 1972 1180; baseline -0.007 -10"><span class='ocrx_word' id='word_1_84' title='bbox 340 1112 465 1171; x_wconf 89' lang='lat' dir='ltr'><strong>innuitur</strong></span> <span class='ocrx_word' id='word_1_85' title='bbox 477 1106 551 1180; x_wconf 91' lang='lat' dir='ltr'><strong>quod</strong></span> <span class='ocrx_word' id='word_1_86' title='bbox 565 1103 729 1161; x_wconf 84' lang='lat' dir='ltr'><strong>einisestet</strong></span> <span class='ocrx_word' id='word_1_87' title='bbox 741 1100 768 1155; x_wconf 95' lang='lat' dir='ltr'><strong>in</strong></span> <span class='ocrx_word' id='word_1_88' title='bbox 782 1098 902 1154; x_wconf 85' lang='lat' dir='ltr'><strong>cinerem</strong></span> <span class='ocrx_word' id='word_1_89' title='bbox 914 1102 1066 1152; x_wconf 86' lang='lat' dir='ltr'><strong>revertetur</strong></span> <span class='ocrx_word' id='word_1_90' title='bbox 1077 1092 1099 1125; x_wconf 81' lang='lat'><strong>¹¹</strong></span> <span class='ocrx_word' id='word_1_91' title='bbox 1109 1095 1129 1146; x_wconf 89' lang='lat'><strong>&#39;.</strong></span> <span class='ocrx_word' id='word_1_92' title='bbox 1181 1090 1243 1146; x_wconf 90' lang='lat' dir='ltr'><strong>dem</strong></span> <span class='ocrx_word' id='word_1_93' title='bbox 1281 1091 1433 1155; x_wconf 86' lang='lat' dir='ltr'><strong>consortii,</strong></span> <span class='ocrx_word' id='word_1_94' title='bbox 1455 1107 1504 1148; x_wconf 87' lang='lat' dir='ltr'><strong>seu</strong></span> <span class='ocrx_word' id='word_1_95' title='bbox 1529 1091 1719 1152; x_wconf 69' lang='lat' dir='ltr'><strong>fraternitatis.</strong></span> <span class='ocrx_word' id='word_1_96' title='bbox 1751 1096 1880 1156; x_wconf 80' lang='lat' dir='ltr'><strong>llulieres</strong></span> <span class='ocrx_word' id='word_1_97' title='bbox 1906 1117 1972 1158; x_wconf 85' lang='lat' dir='ltr'><strong>vcro</strong></span> 
     </span>
     <span class='ocr_line' id='line_1_8' title="bbox 340 1185 1973 1275; baseline -0.006 -14"><span class='ocrx_word' id='word_1_98' title='bbox 340 1207 494 1275; x_wconf 73' lang='lat' dir='ltr'><strong>Antequam</strong></span> <span class='ocrx_word' id='word_1_99' title='bbox 518 1198 610 1271; x_wconf 90' lang='lat' dir='ltr'><strong>passio</strong></span> <span class='ocrx_word' id='word_1_100' title='bbox 624 1193 740 1262; x_wconf 78' lang='lat' dir='ltr'><strong>Christi,</strong></span> <span class='ocrx_word' id='word_1_101' title='bbox 754 1192 796 1248; x_wconf 88' lang='lat' dir='ltr'><strong>vel</strong></span> <span class='ocrx_word' id='word_1_102' title='bbox 809 1205 875 1262; x_wconf 91' lang='lat' dir='ltr'><strong>pars</strong></span> <span class='ocrx_word' id='word_1_103' title='bbox 889 1189 950 1259; x_wconf 77' lang='lat' dir='ltr'><strong>eins</strong></span> <span class='ocrx_word' id='word_1_104' title='bbox 964 1187 1080 1258; x_wconf 80' lang='lat' dir='ltr'><strong>legatur,</strong></span> <span class='ocrx_word' id='word_1_105' title='bbox 1100 1194 1131 1240; x_wconf 94' lang='lat' dir='ltr'><strong>ut</strong></span> <span class='ocrx_word' id='word_1_106' title='bbox 1181 1199 1298 1256; x_wconf 86' lang='lat' dir='ltr'><strong>corpora</strong></span> <span class='ocrx_word' id='word_1_107' title='bbox 1318 1185 1512 1242; x_wconf 90' lang='lat' dir='ltr'><strong>deiunctorum</strong></span> <span class='ocrx_word' id='word_1_108' title='bbox 1536 1203 1591 1244; x_wconf 89' lang='lat' dir='ltr'><strong>non</strong></span> <span class='ocrx_word' id='word_1_109' title='bbox 1610 1190 1711 1245; x_wconf 89' lang='lat' dir='ltr'><strong>debent</strong></span> <span class='ocrx_word' id='word_1_110' title='bbox 1734 1201 1903 1262; x_wconf 76' lang='lat' dir='ltr'><strong>portarem</strong></span> <span class='ocrx_word' id='word_1_111' title='bbox 1924 1210 1973 1251; x_wconf 91' lang='lat' dir='ltr'><strong>co·</strong></span> 
     </span>
     <span class='ocr_line' id='line_1_9' title="bbox 306 1280 1970 1367; baseline -0.004 -16"><span class='ocrx_word' id='word_1_112' title='bbox 306 1325 311 1351; x_wconf 92' lang='lat' dir='ltr'><strong>t</strong></span> <span class='ocrx_word' id='word_1_113' title='bbox 340 1299 374 1356; x_wconf 89' lang='lat' dir='ltr'><strong>ad</strong></span> <span class='ocrx_word' id='word_1_114' title='bbox 389 1297 523 1367; x_wconf 76' lang='lat' dir='ltr'><strong>maiorem</strong></span> <span class='ocrx_word' id='word_1_115' title='bbox 540 1289 779 1363; x_wconf 79' lang='lat' dir='ltr'><strong>compunctionem</strong></span> <span class='ocrx_word' id='word_1_116' title='bbox 795 1293 948 1348; x_wconf 83' lang='lat' dir='ltr'><strong>moveatur,</strong></span> <span class='ocrx_word' id='word_1_117' title='bbox 962 1298 1031 1339; x_wconf 83' lang='lat' dir='ltr'><strong>crux</strong></span> <span class='ocrx_word' id='word_1_118' title='bbox 1045 1281 1128 1338; x_wconf 89' lang='lat' dir='ltr'><strong>etiam</strong></span> <span class='ocrx_word' id='word_1_119' title='bbox 1181 1285 1282 1348; x_wconf 72' lang='lat' dir='ltr'><strong>gantur</strong></span> <span class='ocrx_word' id='word_1_120' title='bbox 1295 1293 1345 1334; x_wconf 91' lang='lat' dir='ltr'><strong>soa</strong></span> <span class='ocrx_word' id='word_1_121' title='bbox 1361 1280 1484 1336; x_wconf 87' lang='lat' dir='ltr'><strong>membra</strong></span> <span class='ocrx_word' id='word_1_122' title='bbox 1499 1281 1639 1338; x_wconf 79' lang='lat' dir='ltr'><strong>lasciviam</strong></span> <span class='ocrx_word' id='word_1_123' title='bbox 1660 1283 1803 1340; x_wconf 86' lang='lat' dir='ltr'><strong>incitantia</strong></span> <span class='ocrx_word' id='word_1_124' title='bbox 1818 1285 1970 1346; x_wconf 89' lang='lat' dir='ltr'><strong>denudare.</strong></span> 
     </span>
     <span class='ocr_line' id='line_1_10' title="bbox 340 1371 1973 1460; baseline -0.008 -12"><span class='ocrx_word' id='word_1_125' title='bbox 340 1398 405 1448; x_wconf 84' lang='lat' dir='ltr'><strong>ante</strong></span> <span class='ocrx_word' id='word_1_126' title='bbox 420 1387 504 1460; x_wconf 88' lang='lat' dir='ltr'><strong>pedes</strong></span> <span class='ocrx_word' id='word_1_127' title='bbox 518 1383 579 1456; x_wconf 83' lang='lat' dir='ltr'><strong>ejus</strong></span> <span class='ocrx_word' id='word_1_128' title='bbox 602 1389 731 1456; x_wconf 83' lang='lat' dir='ltr'><strong>ponatur,</strong></span> <span class='ocrx_word' id='word_1_129' title='bbox 749 1388 780 1435; x_wconf 90' lang='lat' dir='ltr'><strong>ut</strong></span> <span class='ocrx_word' id='word_1_130' title='bbox 803 1377 924 1433; x_wconf 88' lang='lat' dir='ltr'><strong>moriens</strong></span> <span class='ocrx_word' id='word_1_131' title='bbox 947 1390 1008 1431; x_wconf 88' lang='lat' dir='ltr'><strong>cam</strong></span> <span class='ocrx_word' id='word_1_132' title='bbox 1022 1382 1129 1440; x_wconf 90' lang='lat' dir='ltr'><strong>cernat,</strong></span> <span class='ocrx_word' id='word_1_133' title='bbox 1181 1371 1210 1428; x_wconf 91' lang='lat' dir='ltr'><strong>ln</strong></span> <span class='ocrx_word' id='word_1_134' title='bbox 1225 1374 1354 1456; x_wconf 88' lang='lat' dir='ltr'><strong>spelunca</strong></span> <span class='ocrx_word' id='word_1_135' title='bbox 1380 1390 1446 1433; x_wconf 85' lang='lat' dir='ltr'><strong>tero</strong></span> <span class='ocrx_word' id='word_1_136' title='bbox 1469 1393 1540 1449; x_wconf 91' lang='lat' dir='ltr'><strong>aqua</strong></span> <span class='ocrx_word' id='word_1_137' title='bbox 1565 1380 1677 1451; x_wconf 93' lang='lat' dir='ltr'><strong>ponitur</strong></span> <span class='ocrx_word' id='word_1_138' title='bbox 1697 1381 1839 1438; x_wconf 87' lang='lat' dir='ltr'><strong>benedicta</strong></span> <span class='ocrx_word' id='word_1_139' title='bbox 1860 1394 1973 1457; x_wconf 78' lang='lat' dir='ltr'><strong>propter</strong></span> 
     </span>
     <span class='ocr_line' id='line_1_11' title="bbox 340 1464 1971 1552; baseline -0.01 -12"><span class='ocrx_word' id='word_1_140' title='bbox 340 1480 468 1552; x_wconf 73' lang='lat' dir='ltr'><strong>etmaqis</strong></span> <span class='ocrx_word' id='word_1_141' title='bbox 485 1484 653 1541; x_wconf 88' lang='lat' dir='ltr'><strong>conteratur,</strong></span> <span class='ocrx_word' id='word_1_142' title='bbox 668 1481 696 1530; x_wconf 87' lang='lat' dir='ltr'><strong>et</strong></span> <span class='ocrx_word' id='word_1_143' title='bbox 711 1472 879 1528; x_wconf 78' lang='lat' dir='ltr'><strong>debelreeta</strong></span> <span class='ocrx_word' id='word_1_144' title='bbox 894 1466 1079 1538; x_wconf 80' lang='lat' dir='ltr'><strong>iacieiaeere,</strong></span> <span class='ocrx_word' id='word_1_145' title='bbox 1097 1474 1129 1522; x_wconf 93' lang='lat' dir='ltr'><strong>ut</strong></span> <span class='ocrx_word' id='word_1_146' title='bbox 1182 1464 1323 1522; x_wconf 79' lang='lat' dir='ltr'><strong>illusiones</strong></span> <span class='ocrx_word' id='word_1_147' title='bbox 1350 1467 1521 1535; x_wconf 65' lang='lat' dir='ltr'><strong>damonum</strong></span> <span class='ocrx_word' id='word_1_148' title='bbox 1555 1470 1644 1528; x_wconf 91' lang='lat' dir='ltr'><strong>solent</strong></span> <span class='ocrx_word' id='word_1_149' title='bbox 1667 1474 1740 1528; x_wconf 89' lang='lat' dir='ltr'><strong>enirn</strong></span> <span class='ocrx_word' id='word_1_150' title='bbox 1779 1474 1911 1532; x_wconf 69' lang='lat' dir='ltr'><strong>desaerire</strong></span> <span class='ocrx_word' id='word_1_151' title='bbox 1943 1478 1971 1533; x_wconf 74' lang='lat' dir='ltr'><strong>t„</strong></span> 
     </span>
     <span class='ocr_line' id='line_1_12' title="bbox 341 1556 1971 1639; baseline -0.001 -10"><span class='ocrx_word' id='word_1_152' title='bbox 341 1571 442 1629; x_wconf 82' lang='lat' dir='ltr'><strong>eoelum</strong></span> <span class='ocrx_word' id='word_1_153' title='bbox 456 1567 598 1638; x_wconf 77' lang='lat' dir='ltr'><strong>respiciat,</strong></span> <span class='ocrx_word' id='word_1_154' title='bbox 615 1573 641 1620; x_wconf 88' lang='lat' dir='ltr'><strong>et</strong></span> <span class='ocrx_word' id='word_1_155' title='bbox 654 1570 802 1633; x_wconf 77' lang='lat' dir='ltr'><strong>antequam</strong></span> <span class='ocrx_word' id='word_1_156' title='bbox 816 1558 949 1631; x_wconf 84' lang='lat' dir='ltr'><strong>exspiret.</strong></span> <span class='ocrx_word' id='word_1_157' title='bbox 962 1558 1023 1628; x_wconf 80' lang='lat' dir='ltr'><strong>ejus</strong></span> <span class='ocrx_word' id='word_1_158' title='bbox 1036 1556 1128 1612; x_wconf 91' lang='lat' dir='ltr'><strong>anima</strong></span> <span class='ocrx_word' id='word_1_159' title='bbox 1180 1559 1344 1629; x_wconf 86' lang='lat' dir='ltr'><strong>corporibus</strong></span> <span class='ocrx_word' id='word_1_160' title='bbox 1359 1570 1542 1632; x_wconf 87' lang='lat' dir='ltr'><strong>mortuorum,</strong></span> <span class='ocrx_word' id='word_1_161' title='bbox 1557 1573 1587 1620; x_wconf 91' lang='lat' dir='ltr'><strong>ut</strong></span> <span class='ocrx_word' id='word_1_162' title='bbox 1607 1567 1681 1638; x_wconf 89' lang='lat' dir='ltr'><strong>quod</strong></span> <span class='ocrx_word' id='word_1_163' title='bbox 1696 1582 1752 1622; x_wconf 91' lang='lat' dir='ltr'><strong>non</strong></span> <span class='ocrx_word' id='word_1_164' title='bbox 1776 1575 1926 1639; x_wconf 88' lang='lat' dir='ltr'><strong>potuerunt</strong></span> <span class='ocrx_word' id='word_1_165' title='bbox 1942 1570 1971 1628; x_wconf 92' lang='lat' dir='ltr'><strong>in</strong></span> 
     </span>
     <span class='ocr_line' id='line_1_13' title="bbox 341 1650 1971 1732; baseline -0.001 -13"><span class='ocrx_word' id='word_1_166' title='bbox 341 1663 459 1718; x_wconf 78' lang='lat' dir='ltr'><strong>Domino</strong></span> <span class='ocrx_word' id='word_1_167' title='bbox 473 1660 693 1716; x_wconf 88' lang='lat' dir='ltr'><strong>commendetur.</strong></span> <span class='ocrx_word' id='word_1_168' title='bbox 709 1652 858 1722; x_wconf 82' lang='lat' dir='ltr'><strong>Postquam</strong></span> <span class='ocrx_word' id='word_1_169' title='bbox 879 1651 1037 1722; x_wconf 84' lang='lat' dir='ltr'><strong>exspiravit,</strong></span> <span class='ocrx_word' id='word_1_170' title='bbox 1054 1665 1129 1704; x_wconf 88' lang='lat' dir='ltr'><strong>carn-</strong></span> <span class='ocrx_word' id='word_1_171' title='bbox 1181 1650 1236 1706; x_wconf 84' lang='lat' dir='ltr'><strong>vita</strong></span> <span class='ocrx_word' id='word_1_172' title='bbox 1250 1652 1346 1708; x_wconf 88' lang='lat' dir='ltr'><strong>saltem</strong></span> <span class='ocrx_word' id='word_1_173' title='bbox 1356 1653 1457 1711; x_wconf 86' lang='lat' dir='ltr'><strong>iaciant</strong></span> <span class='ocrx_word' id='word_1_174' title='bbox 1465 1656 1493 1710; x_wconf 91' lang='lat' dir='ltr'><strong>in</strong></span> <span class='ocrx_word' id='word_1_175' title='bbox 1502 1659 1656 1728; x_wconf 87' lang='lat' dir='ltr'><strong>sepultura.</strong></span> <span class='ocrx_word' id='word_1_176' title='bbox 1666 1658 1742 1717; x_wconf 83' lang='lat' dir='ltr'><strong>&#39;l&#39;lrus</strong></span> <span class='ocrx_word' id='word_1_177' title='bbox 1752 1663 1913 1732; x_wconf 90' lang='lat' dir='ltr'><strong>apponitur,</strong></span> <span class='ocrx_word' id='word_1_178' title='bbox 1928 1666 1971 1721; x_wconf 84' lang='lat' dir='ltr'><strong>vel</strong></span> 
     </span>
     <span class='ocr_line' id='line_1_14' title="bbox 340 1742 1971 1828; baseline -0.001 -18"><span class='ocrx_word' id='word_1_179' title='bbox 340 1769 419 1827; x_wconf 84' lang='lat' dir='ltr'><strong>panae</strong></span> <span class='ocrx_word' id='word_1_180' title='bbox 434 1752 589 1823; x_wconf 88' lang='lat' dir='ltr'><strong>pulsentur,</strong></span> <span class='ocrx_word' id='word_1_181' title='bbox 614 1756 644 1802; x_wconf 94' lang='lat' dir='ltr'><strong>ut</strong></span> <span class='ocrx_word' id='word_1_182' title='bbox 665 1744 782 1818; x_wconf 91' lang='lat' dir='ltr'><strong>populus</strong></span> <span class='ocrx_word' id='word_1_183' title='bbox 805 1742 930 1810; x_wconf 90' lang='lat' dir='ltr'><strong>audiens,</strong></span> <span class='ocrx_word' id='word_1_184' title='bbox 947 1750 1007 1799; x_wconf 84' lang='lat' dir='ltr'><strong>oret</strong></span> <span class='ocrx_word' id='word_1_185' title='bbox 1020 1757 1070 1813; x_wconf 88' lang='lat' dir='ltr'><strong>pro</strong></span> <span class='ocrx_word' id='word_1_186' title='bbox 1084 1758 1127 1807; x_wconf 90' lang='lat' dir='ltr'><strong>eo,</strong></span> <span class='ocrx_word' id='word_1_187' title='bbox 1180 1743 1412 1815; x_wconf 85' lang='lat' dir='ltr'><strong>propterietotem</strong></span> <span class='ocrx_word' id='word_1_188' title='bbox 1421 1749 1624 1817; x_wconf 87' lang='lat' dir='ltr'><strong>vitandunr,rel</strong></span> <span class='ocrx_word' id='word_1_189' title='bbox 1635 1753 1668 1808; x_wconf 94' lang='lat' dir='ltr'><strong>ad</strong></span> <span class='ocrx_word' id='word_1_190' title='bbox 1677 1755 1971 1828; x_wconf 79' lang='lat' dir='ltr'><strong>ostendendumquod</strong></span> 
     </span>
     <span class='ocr_line' id='line_1_15' title="bbox 339 1833 1972 1926; baseline 0.004 -24"><span class='ocrx_word' id='word_1_191' title='bbox 339 1860 391 1919; x_wconf 92' lang='lat' dir='ltr'><strong>pro</strong></span> <span class='ocrx_word' id='word_1_192' title='bbox 406 1844 520 1901; x_wconf 90' lang='lat' dir='ltr'><strong>muliere</strong></span> <span class='ocrx_word' id='word_1_193' title='bbox 545 1841 599 1907; x_wconf 87' lang='lat' dir='ltr'><strong>bis,</strong></span> <span class='ocrx_word' id='word_1_194' title='bbox 624 1838 689 1910; x_wconf 94' lang='lat' dir='ltr'><strong>quia</strong></span> <span class='ocrx_word' id='word_1_195' title='bbox 711 1838 770 1909; x_wconf 91' lang='lat' dir='ltr'><strong>ipsa</strong></span> <span class='ocrx_word' id='word_1_196' title='bbox 795 1834 899 1891; x_wconf 86' lang='lat' dir='ltr'><strong>invenit</strong></span> <span class='ocrx_word' id='word_1_197' title='bbox 924 1833 1127 1890; x_wconf 87' lang='lat' dir='ltr'><strong>alteralitatem.</strong></span> <span class='ocrx_word' id='word_1_198' title='bbox 1181 1839 1298 1896; x_wconf 88' lang='lat' dir='ltr'><strong>mortuis</strong></span> <span class='ocrx_word' id='word_1_199' title='bbox 1320 1842 1407 1911; x_wconf 91' lang='lat' dir='ltr'><strong>prosit</strong></span> <span class='ocrx_word' id='word_1_200' title='bbox 1428 1844 1562 1900; x_wconf 87' lang='lat' dir='ltr'><strong>auxilium</strong></span> <span class='ocrx_word' id='word_1_201' title='bbox 1577 1849 1744 1904; x_wconf 89' lang='lat' dir='ltr'><strong>orationum.</strong></span> <span class='ocrx_word' id='word_1_202' title='bbox 1765 1850 1907 1908; x_wconf 79' lang='lat' dir='ltr'><strong>Carbones</strong></span> <span class='ocrx_word' id='word_1_203' title='bbox 1922 1867 1972 1926; x_wconf 90' lang='lat' dir='ltr'><strong>ap-</strong></span> 
     </span>
     <span class='ocr_line' id='line_1_16' title="bbox 339 1925 1973 2013; baseline -0.009 -18"><span class='ocrx_word' id='word_1_204' title='bbox 339 1936 401 2010; x_wconf 84' lang='lat' dir='ltr'><strong>lpsa</strong></span> <span class='ocrx_word' id='word_1_205' title='bbox 418 1935 491 1994; x_wconf 86' lang='lat' dir='ltr'><strong>enim</strong></span> <span class='ocrx_word' id='word_1_206' title='bbox 514 1934 600 2005; x_wconf 88' lang='lat' dir='ltr'><strong>prima</strong></span> <span class='ocrx_word' id='word_1_207' title='bbox 617 1929 829 1988; x_wconf 88' lang='lat' dir='ltr'><strong>lecitbominem</strong></span> <span class='ocrx_word' id='word_1_208' title='bbox 845 1927 958 1983; x_wconf 90' lang='lat' dir='ltr'><strong>alienari</strong></span> <span class='ocrx_word' id='word_1_209' title='bbox 974 1942 989 1982; x_wconf 92' lang='lat' dir='ltr'><strong>a</strong></span> <span class='ocrx_word' id='word_1_210' title='bbox 1015 1925 1069 1983; x_wconf 83' lang='lat' dir='ltr'><strong>ileo</strong></span> <span class='ocrx_word' id='word_1_211' title='bbox 1085 1926 1126 1994; x_wconf 73' lang='lat'><strong>¹⁸3</strong></span> <span class='ocrx_word' id='word_1_212' title='bbox 1180 1939 1320 1999; x_wconf 87' lang='lat' dir='ltr'><strong>ponumur</strong></span> <span class='ocrx_word' id='word_1_213' title='bbox 1332 1931 1359 1988; x_wconf 93' lang='lat' dir='ltr'><strong>ln</strong></span> <span class='ocrx_word' id='word_1_214' title='bbox 1371 1932 1558 1993; x_wconf 87' lang='lat' dir='ltr'><strong>testimoninm</strong></span> <span class='ocrx_word' id='word_1_215' title='bbox 1568 1939 1793 2013; x_wconf 68' lang='lat' dir='ltr'><strong>sepulturae‚ptus</strong></span> <span class='ocrx_word' id='word_1_216' title='bbox 1805 1943 1878 1999; x_wconf 61' lang='lat' dir='ltr'>enim</span> <span class='ocrx_word' id='word_1_217' title='bbox 1890 1945 1973 2003; x_wconf 63' lang='lat' dir='ltr'><strong>pum</strong></span> 
     </span>
     <span class='ocr_line' id='line_1_17' title="bbox 339 2020 1973 2109; baseline 0.002 -23"><span class='ocrx_word' id='word_1_218' title='bbox 339 2045 391 2103; x_wconf 90' lang='lat' dir='ltr'><strong>pro</strong></span> <span class='ocrx_word' id='word_1_219' title='bbox 411 2029 471 2085; x_wconf 86' lang='lat' dir='ltr'><strong>viro</strong></span> <span class='ocrx_word' id='word_1_220' title='bbox 496 2037 546 2091; x_wconf 88' lang='lat' dir='ltr'><strong>ter,</strong></span> <span class='ocrx_word' id='word_1_221' title='bbox 575 2026 639 2098; x_wconf 91' lang='lat' dir='ltr'><strong>quia</strong></span> <span class='ocrx_word' id='word_1_222' title='bbox 666 2024 755 2095; x_wconf 89' lang='lat' dir='ltr'><strong>primo</strong></span> <span class='ocrx_word' id='word_1_223' title='bbox 776 2022 945 2091; x_wconf 69' lang='lat' dir='ltr'><strong>intentarat</strong></span> <span class='ocrx_word' id='word_1_224' title='bbox 968 2021 1077 2077; x_wconf 86' lang='lat' dir='ltr'><strong>trinitas</strong></span> <span class='ocrx_word' id='word_1_225' title='bbox 1101 2020 1128 2076; x_wconf 90' lang='lat' dir='ltr'><strong>iu</strong></span> <span class='ocrx_word' id='word_1_226' title='bbox 1181 2021 1264 2078; x_wconf 88' lang='lat' dir='ltr'><strong>carbo</strong></span> <span class='ocrx_word' id='word_1_227' title='bbox 1278 2024 1619 2101; x_wconf 86' lang='lat' dir='ltr'><strong>subterra,quamaliquid</strong></span> <span class='ocrx_word' id='word_1_228' title='bbox 1632 2032 1717 2101; x_wconf 85' lang='lat' dir='ltr'><strong>aliud;</strong></span> <span class='ocrx_word' id='word_1_229' title='bbox 1732 2049 1794 2090; x_wconf 88' lang='lat' dir='ltr'><strong>eum</strong></span> <span class='ocrx_word' id='word_1_230' title='bbox 1809 2051 1875 2109; x_wconf 78' lang='lat' dir='ltr'><strong>erqo</strong></span> <span class='ocrx_word' id='word_1_231' title='bbox 1886 2037 1973 2094; x_wconf 87' lang='lat' dir='ltr'><strong>carbo</strong></span> 
     </span>
     <span class='ocr_line' id='line_1_18' title="bbox 334 2114 1972 2200; baseline 0.004 -22"><span class='ocrx_word' id='word_1_232' title='bbox 334 2123 462 2180; x_wconf 82' lang='lat' dir='ltr'><strong>bomine.</strong></span> <span class='ocrx_word' id='word_1_233' title='bbox 487 2118 581 2176; x_wconf 79' lang='lat' dir='ltr'><strong>Primo</strong></span> <span class='ocrx_word' id='word_1_234' title='bbox 601 2119 675 2174; x_wconf 86' lang='lat' dir='ltr'><strong>enirn</strong></span> <span class='ocrx_word' id='word_1_235' title='bbox 694 2115 981 2174; x_wconf 86' lang='lat' dir='ltr'><strong>iorntatusestlldam</strong></span> <span class='ocrx_word' id='word_1_236' title='bbox 998 2125 1128 2182; x_wconf 82' lang='lat' dir='ltr'><strong>exterra,</strong></span> <span class='ocrx_word' id='word_1_237' title='bbox 1180 2114 1317 2172; x_wconf 85' lang='lat' dir='ltr'><strong>subiovea</strong></span> <span class='ocrx_word' id='word_1_238' title='bbox 1328 2119 1472 2190; x_wconf 88' lang='lat' dir='ltr'><strong>reperitur,</strong></span> <span class='ocrx_word' id='word_1_239' title='bbox 1490 2124 1629 2193; x_wconf 79' lang='lat' dir='ltr'><strong>sepultura</strong></span> <span class='ocrx_word' id='word_1_240' title='bbox 1640 2124 1727 2182; x_wconf 88' lang='lat' dir='ltr'><strong>luisse</strong></span> <span class='ocrx_word' id='word_1_241' title='bbox 1745 2128 1972 2200; x_wconf 86' lang='lat' dir='ltr'><strong>deprehenditur.</strong></span> 
     </span>
     <span class='ocr_line' id='line_1_19' title="bbox 339 2202 1970 2294; baseline 0.006 -23"><span class='ocrx_word' id='word_1_242' title='bbox 339 2211 463 2271; x_wconf 87' lang='lat' dir='ltr'><strong>accutrdo</strong></span> <span class='ocrx_word' id='word_1_243' title='bbox 481 2211 536 2267; x_wconf 77' lang='lat' dir='ltr'><strong>lira</strong></span> <span class='ocrx_word' id='word_1_244' title='bbox 551 2226 585 2266; x_wconf 85' lang='lat' dir='ltr'><strong>ex</strong></span> <span class='ocrx_word' id='word_1_245' title='bbox 609 2217 685 2266; x_wconf 87' lang='lat' dir='ltr'><strong>costa</strong></span> <span class='ocrx_word' id='word_1_246' title='bbox 701 2207 734 2272; x_wconf 82' lang='lat'><strong>¹¹,</strong></span> <span class='ocrx_word' id='word_1_247' title='bbox 751 2206 832 2263; x_wconf 89' lang='lat' dir='ltr'><strong>tertio</strong></span> <span class='ocrx_word' id='word_1_248' title='bbox 846 2206 929 2261; x_wconf 85' lang='lat' dir='ltr'><strong>lromo</strong></span> <span class='ocrx_word' id='word_1_249' title='bbox 951 2219 986 2261; x_wconf 83' lang='lat' dir='ltr'><strong>ex</strong></span> <span class='ocrx_word' id='word_1_250' title='bbox 1001 2214 1128 2277; x_wconf 88' lang='lat' dir='ltr'><strong>utroque,</strong></span> <span class='ocrx_word' id='word_1_251' title='bbox 1181 2202 1259 2262; x_wconf 82' lang='lat' dir='ltr'><strong>Uttde</strong></span> <span class='ocrx_word' id='word_1_252' title='bbox 1273 2208 1308 2264; x_wconf 90' lang='lat' dir='ltr'><strong>ad</strong></span> <span class='ocrx_word' id='word_1_253' title='bbox 1322 2223 1484 2269; x_wconf 87' lang='lat' dir='ltr'><strong>communes</strong></span> <span class='ocrx_word' id='word_1_254' title='bbox 1496 2228 1564 2270; x_wconf 88' lang='lat' dir='ltr'><strong>usus</strong></span> <span class='ocrx_word' id='word_1_255' title='bbox 1579 2213 1614 2272; x_wconf 90' lang='lat' dir='ltr'><strong>de</strong></span> <span class='ocrx_word' id='word_1_256' title='bbox 1638 2226 1736 2275; x_wconf 82' lang='lat' dir='ltr'><strong>caetem</strong></span> <span class='ocrx_word' id='word_1_257' title='bbox 1747 2235 1802 2276; x_wconf 93' lang='lat' dir='ltr'><strong>non</strong></span> <span class='ocrx_word' id='word_1_258' title='bbox 1826 2221 1970 2294; x_wconf 78' lang='lat' dir='ltr'><strong>redigitur.</strong></span> 
     </span>
     <span class='ocr_line' id='line_1_20' title="bbox 338 2295 1974 2381; baseline -0.002 -16"><span class='ocrx_word' id='word_1_259' title='bbox 338 2316 366 2366; x_wconf 87' lang='lat' dir='ltr'><strong>et</strong></span> <span class='ocrx_word' id='word_1_260' title='bbox 380 2309 416 2365; x_wconf 90' lang='lat' dir='ltr'><strong>lta</strong></span> <span class='ocrx_word' id='word_1_261' title='bbox 431 2316 473 2364; x_wconf 89' lang='lat' dir='ltr'><strong>est</strong></span> <span class='ocrx_word' id='word_1_262' title='bbox 489 2307 526 2363; x_wconf 90' lang='lat' dir='ltr'><strong>ibi</strong></span> <span class='ocrx_word' id='word_1_263' title='bbox 540 2305 659 2362; x_wconf 85' lang='lat' dir='ltr'><strong>trinitas.</strong></span> <span class='ocrx_word' id='word_1_264' title='bbox 682 2302 737 2359; x_wconf 83' lang='lat' dir='ltr'><strong>Pro</strong></span> <span class='ocrx_word' id='word_1_265' title='bbox 764 2300 864 2359; x_wconf 87' lang='lat' dir='ltr'><strong>clerico</strong></span> <span class='ocrx_word' id='word_1_266' title='bbox 877 2309 918 2356; x_wconf 89' lang='lat' dir='ltr'><strong>tot</strong></span> <span class='ocrx_word' id='word_1_267' title='bbox 931 2301 1047 2367; x_wconf 89' lang='lat' dir='ltr'><strong>vicibus,</strong></span> <span class='ocrx_word' id='word_1_268' title='bbox 1061 2311 1131 2371; x_wconf 92' lang='lat' dir='ltr'><strong>quot</strong></span> <span class='ocrx_word' id='word_1_269' title='bbox 1180 2295 1286 2355; x_wconf 79' lang='lat' dir='ltr'><strong>Hedera</strong></span> <span class='ocrx_word' id='word_1_270' title='bbox 1309 2316 1429 2373; x_wconf 89' lang='lat' dir='ltr'><strong>quoque,</strong></span> <span class='ocrx_word' id='word_1_271' title='bbox 1452 2304 1494 2359; x_wconf 88' lang='lat' dir='ltr'><strong>rel</strong></span> <span class='ocrx_word' id='word_1_272' title='bbox 1520 2304 1614 2363; x_wconf 86' lang='lat' dir='ltr'><strong>laurus</strong></span> <span class='ocrx_word' id='word_1_273' title='bbox 1631 2310 1788 2381; x_wconf 90' lang='lat' dir='ltr'><strong>apponitur,</strong></span> <span class='ocrx_word' id='word_1_274' title='bbox 1814 2321 1843 2367; x_wconf 95' lang='lat' dir='ltr'><strong>ut</strong></span> <span class='ocrx_word' id='word_1_275' title='bbox 1871 2315 1974 2372; x_wconf 62' lang='lat' dir='ltr'><strong>aalma</strong></span> 
     </span>
     <span class='ocr_line' id='line_1_21' title="bbox 339 2389 1971 2473; baseline 0.002 -15"><span class='ocrx_word' id='word_1_276' title='bbox 339 2401 449 2458; x_wconf 88' lang='lat' dir='ltr'><strong>ordines</strong></span> <span class='ocrx_word' id='word_1_277' title='bbox 476 2400 568 2466; x_wconf 87' lang='lat' dir='ltr'><strong>babet,</strong></span> <span class='ocrx_word' id='word_1_278' title='bbox 592 2397 627 2453; x_wconf 91' lang='lat' dir='ltr'><strong>ad</strong></span> <span class='ocrx_word' id='word_1_279' title='bbox 651 2396 777 2452; x_wconf 90' lang='lat' dir='ltr'><strong>ultimum</strong></span> <span class='ocrx_word' id='word_1_280' title='bbox 802 2395 968 2465; x_wconf 88' lang='lat' dir='ltr'><strong>compulsari</strong></span> <span class='ocrx_word' id='word_1_281' title='bbox 991 2393 1081 2461; x_wconf 90' lang='lat' dir='ltr'><strong>debet,</strong></span> <span class='ocrx_word' id='word_1_282' title='bbox 1100 2400 1131 2448; x_wconf 92' lang='lat' dir='ltr'><strong>ut</strong></span> <span class='ocrx_word' id='word_1_283' title='bbox 1180 2389 1234 2444; x_wconf 84' lang='lat' dir='ltr'><strong>vita</strong></span> <span class='ocrx_word' id='word_1_284' title='bbox 1255 2401 1388 2462; x_wconf 86' lang='lat' dir='ltr'><strong>perpetua</strong></span> <span class='ocrx_word' id='word_1_285' title='bbox 1400 2393 1587 2468; x_wconf 75' lang='lat' dir='ltr'><strong>signillcetur;</strong></span> <span class='ocrx_word' id='word_1_286' title='bbox 1611 2399 1675 2457; x_wconf 89' lang='lat' dir='ltr'><strong>licet</strong></span> <span class='ocrx_word' id='word_1_287' title='bbox 1690 2404 1762 2457; x_wconf 90' lang='lat' dir='ltr'><strong>enim</strong></span> <span class='ocrx_word' id='word_1_288' title='bbox 1786 2404 1971 2473; x_wconf 86' lang='lat' dir='ltr'><strong>corpusdell·</strong></span> 
     </span>
     <span class='ocr_line' id='line_1_22' title="bbox 341 2481 1972 2569; baseline -0.001 -17"><span class='ocrx_word' id='word_1_289' title='bbox 341 2497 381 2552; x_wconf 87' lang='lat' dir='ltr'><strong>ita</strong></span> <span class='ocrx_word' id='word_1_290' title='bbox 405 2496 475 2552; x_wconf 88' lang='lat' dir='ltr'><strong>sciat</strong></span> <span class='ocrx_word' id='word_1_291' title='bbox 498 2494 617 2567; x_wconf 90' lang='lat' dir='ltr'><strong>populus</strong></span> <span class='ocrx_word' id='word_1_292' title='bbox 640 2490 808 2564; x_wconf 88' lang='lat' dir='ltr'><strong>proquoslt</strong></span> <span class='ocrx_word' id='word_1_293' title='bbox 829 2491 975 2547; x_wconf 88' lang='lat' dir='ltr'><strong>orandum.</strong></span> <span class='ocrx_word' id='word_1_294' title='bbox 997 2485 1130 2543; x_wconf 86' lang='lat' dir='ltr'><strong>Similiter</strong></span> <span class='ocrx_word' id='word_1_295' title='bbox 1180 2481 1244 2547; x_wconf 81' lang='lat' dir='ltr'><strong>ciat,</strong></span> <span class='ocrx_word' id='word_1_296' title='bbox 1257 2483 1349 2541; x_wconf 87' lang='lat' dir='ltr'><strong>anima</strong></span> <span class='ocrx_word' id='word_1_297' title='bbox 1366 2494 1457 2543; x_wconf 72' lang='lat' dir='ltr'><strong>mmen</strong></span> <span class='ocrx_word' id='word_1_298' title='bbox 1476 2490 1568 2548; x_wconf 88' lang='lat' dir='ltr'><strong>vivere</strong></span> <span class='ocrx_word' id='word_1_299' title='bbox 1588 2507 1643 2548; x_wconf 92' lang='lat' dir='ltr'><strong>uon</strong></span> <span class='ocrx_word' id='word_1_300' title='bbox 1672 2494 1790 2552; x_wconf 87' lang='lat' dir='ltr'><strong>desistit.</strong></span> <span class='ocrx_word' id='word_1_301' title='bbox 1814 2494 1972 2569; x_wconf 80' lang='lat' dir='ltr'><strong>Cupressus</strong></span> 
     </span>
     <span class='ocr_line' id='line_1_23' title="bbox 338 2573 1971 2661; baseline 0 -15"><span class='ocrx_word' id='word_1_302' title='bbox 338 2589 535 2661; x_wconf 73' lang='lat' dir='ltr'><strong>compulsatur,</strong></span> <span class='ocrx_word' id='word_1_303' title='bbox 551 2600 613 2642; x_wconf 91' lang='lat' dir='ltr'><strong>cum</strong></span> <span class='ocrx_word' id='word_1_304' title='bbox 627 2584 661 2639; x_wconf 92' lang='lat' dir='ltr'><strong>ad</strong></span> <span class='ocrx_word' id='word_1_305' title='bbox 674 2582 820 2639; x_wconf 86' lang='lat' dir='ltr'><strong>ecclesiam</strong></span> <span class='ocrx_word' id='word_1_306' title='bbox 832 2581 964 2646; x_wconf 89' lang='lat' dir='ltr'><strong>delertur,</strong></span> <span class='ocrx_word' id='word_1_307' title='bbox 978 2590 1081 2636; x_wconf 84' lang='lat' dir='ltr'><strong>etcum</strong></span> <span class='ocrx_word' id='word_1_308' title='bbox 1095 2577 1130 2635; x_wconf 91' lang='lat' dir='ltr'><strong>de</strong></span> <span class='ocrx_word' id='word_1_309' title='bbox 1179 2573 1262 2630; x_wconf 87' lang='lat' dir='ltr'><strong>etiam</strong></span> <span class='ocrx_word' id='word_1_310' title='bbox 1279 2576 1379 2634; x_wconf 86' lang='lat' dir='ltr'><strong>alicubi</strong></span> <span class='ocrx_word' id='word_1_311' title='bbox 1393 2582 1552 2650; x_wconf 91' lang='lat' dir='ltr'><strong>apponitur,</strong></span> <span class='ocrx_word' id='word_1_312' title='bbox 1568 2592 1596 2640; x_wconf 90' lang='lat' dir='ltr'><strong>et</strong></span> <span class='ocrx_word' id='word_1_313' title='bbox 1608 2584 1669 2642; x_wconf 78' lang='lat' dir='ltr'><strong>aliae</strong></span> <span class='ocrx_word' id='word_1_314' title='bbox 1684 2585 1795 2644; x_wconf 89' lang='lat' dir='ltr'><strong>irondes</strong></span> <span class='ocrx_word' id='word_1_315' title='bbox 1810 2603 1872 2660; x_wconf 79' lang='lat' dir='ltr'><strong>quae</strong></span> <span class='ocrx_word' id='word_1_316' title='bbox 1898 2588 1971 2647; x_wconf 87' lang='lat' dir='ltr'><strong>lete·</strong></span> 
     </span>
     <span class='ocr_line' id='line_1_24' title="bbox 337 2668 1971 2754; baseline -0.004 -14"><span class='ocrx_word' id='word_1_317' title='bbox 337 2683 452 2741; x_wconf 84' lang='lat' dir='ltr'><strong>ccclesia</strong></span> <span class='ocrx_word' id='word_1_318' title='bbox 474 2681 508 2738; x_wconf 90' lang='lat' dir='ltr'><strong>ad</strong></span> <span class='ocrx_word' id='word_1_319' title='bbox 525 2677 661 2735; x_wconf 89' lang='lat' dir='ltr'><strong>tumulum</strong></span> <span class='ocrx_word' id='word_1_320' title='bbox 678 2675 848 2747; x_wconf 89' lang='lat' dir='ltr'><strong>deportatur.</strong></span> <span class='ocrx_word' id='word_1_321' title='bbox 867 2672 919 2730; x_wconf 77' lang='lat' dir='ltr'><strong>Sed</strong></span> <span class='ocrx_word' id='word_1_322' title='bbox 930 2673 1041 2729; x_wconf 89' lang='lat' dir='ltr'><strong>attende</strong></span> <span class='ocrx_word' id='word_1_323' title='bbox 1054 2671 1129 2743; x_wconf 90' lang='lat' dir='ltr'><strong>quod</strong></span> <span class='ocrx_word' id='word_1_324' title='bbox 1180 2681 1237 2723; x_wconf 86' lang='lat' dir='ltr'><strong>rem</strong></span> <span class='ocrx_word' id='word_1_325' title='bbox 1260 2668 1370 2726; x_wconf 84' lang='lat' dir='ltr'><strong>valeant</strong></span> <span class='ocrx_word' id='word_1_326' title='bbox 1394 2671 1527 2730; x_wconf 86' lang='lat' dir='ltr'><strong>inhibere.</strong></span> <span class='ocrx_word' id='word_1_327' title='bbox 1550 2675 1634 2732; x_wconf 77' lang='lat' dir='ltr'><strong>liunt</strong></span> <span class='ocrx_word' id='word_1_328' title='bbox 1665 2678 1778 2749; x_wconf 90' lang='lat' dir='ltr'><strong>quidam</strong></span> <span class='ocrx_word' id='word_1_329' title='bbox 1806 2695 1971 2754; x_wconf 86' lang='lat' dir='ltr'><strong>cupressum</strong></span> 
     </span>
     <span class='ocr_line' id='line_1_25' title="bbox 337 2760 1972 2847; baseline -0.001 -16"><span class='ocrx_word' id='word_1_330' title='bbox 337 2785 484 2847; x_wconf 85' lang='lat' dir='ltr'><strong>antequam</strong></span> <span class='ocrx_word' id='word_1_331' title='bbox 498 2773 532 2829; x_wconf 93' lang='lat' dir='ltr'><strong>ad</strong></span> <span class='ocrx_word' id='word_1_332' title='bbox 541 2771 686 2829; x_wconf 89' lang='lat' dir='ltr'><strong>ecclesiam</strong></span> <span class='ocrx_word' id='word_1_333' title='bbox 698 2769 847 2834; x_wconf 89' lang='lat' dir='ltr'><strong>deleratur,</strong></span> <span class='ocrx_word' id='word_1_334' title='bbox 862 2766 978 2832; x_wconf 84' lang='lat' dir='ltr'><strong>lavetur,</strong></span> <span class='ocrx_word' id='word_1_335' title='bbox 994 2765 1029 2820; x_wconf 92' lang='lat' dir='ltr'><strong>ad</strong></span> <span class='ocrx_word' id='word_1_336' title='bbox 1044 2765 1130 2837; x_wconf 76' lang='lat' dir='ltr'><strong>siqni—</strong></span> <span class='ocrx_word' id='word_1_337' title='bbox 1181 2760 1300 2831; x_wconf 89' lang='lat' dir='ltr'><strong>apponi,</strong></span> <span class='ocrx_word' id='word_1_338' title='bbox 1314 2763 1380 2834; x_wconf 92' lang='lat' dir='ltr'><strong>quia</strong></span> <span class='ocrx_word' id='word_1_339' title='bbox 1394 2778 1464 2821; x_wconf 80' lang='lat' dir='ltr'><strong>casa</strong></span> <span class='ocrx_word' id='word_1_340' title='bbox 1479 2780 1534 2822; x_wconf 92' lang='lat' dir='ltr'><strong>non</strong></span> <span class='ocrx_word' id='word_1_341' title='bbox 1547 2769 1646 2825; x_wconf 84' lang='lat' dir='ltr'><strong>iterun</strong></span> <span class='ocrx_word' id='word_1_342' title='bbox 1666 2773 1840 2843; x_wconf 83' lang='lat' dir='ltr'><strong>surculescit,</strong></span> <span class='ocrx_word' id='word_1_343' title='bbox 1852 2774 1900 2832; x_wconf 87' lang='lat' dir='ltr'><strong>setl</strong></span> <span class='ocrx_word' id='word_1_344' title='bbox 1913 2783 1972 2834; x_wconf 81' lang='lat' dir='ltr'><strong>tota</strong></span> 
     </span>
     <span class='ocr_line' id='line_1_26' title="bbox 337 2853 1970 2934; baseline 0.002 -13"><span class='ocrx_word' id='word_1_345' title='bbox 337 2864 476 2922; x_wconf 75' lang='lat' dir='ltr'><strong>beandum</strong></span> <span class='ocrx_word' id='word_1_346' title='bbox 492 2862 565 2934; x_wconf 92' lang='lat' dir='ltr'><strong>quod</strong></span> <span class='ocrx_word' id='word_1_347' title='bbox 581 2862 605 2917; x_wconf 90' lang='lat' dir='ltr'><strong>si</strong></span> <span class='ocrx_word' id='word_1_348' title='bbox 623 2859 714 2916; x_wconf 88' lang='lat' dir='ltr'><strong>anima</strong></span> <span class='ocrx_word' id='word_1_349' title='bbox 731 2873 779 2930; x_wconf 89' lang='lat' dir='ltr'><strong>per</strong></span> <span class='ocrx_word' id='word_1_350' title='bbox 792 2854 993 2914; x_wconf 77' lang='lat' dir='ltr'><strong>confessionem</strong></span> <span class='ocrx_word' id='word_1_351' title='bbox 1014 2856 1097 2913; x_wconf 89' lang='lat' dir='ltr'><strong>luerit</strong></span> <span class='ocrx_word' id='word_1_352' title='bbox 1113 2871 1129 2912; x_wconf 96' lang='lat' dir='ltr'><strong>a</strong></span> <span class='ocrx_word' id='word_1_353' title='bbox 1180 2853 1317 2921; x_wconf 69' lang='lat' dir='ltr'><strong>moritura</strong></span> <span class='ocrx_word' id='word_1_354' title='bbox 1341 2856 1382 2913; x_wconf 91' lang='lat' dir='ltr'><strong>sic</strong></span> <span class='ocrx_word' id='word_1_355' title='bbox 1395 2857 1478 2914; x_wconf 87' lang='lat' dir='ltr'><strong>bomo</strong></span> <span class='ocrx_word' id='word_1_356' title='bbox 1492 2872 1630 2930; x_wconf 92' lang='lat' dir='ltr'><strong>mortuus,</strong></span> <span class='ocrx_word' id='word_1_357' title='bbox 1643 2879 1700 2920; x_wconf 91' lang='lat' dir='ltr'><strong>non</strong></span> <span class='ocrx_word' id='word_1_358' title='bbox 1714 2866 1805 2921; x_wconf 88' lang='lat' dir='ltr'><strong>denuo</strong></span> <span class='ocrx_word' id='word_1_359' title='bbox 1816 2867 1970 2926; x_wconf 74' lang='lat' dir='ltr'><strong>reviviscit.</strong></span> 
     </span>
     <span class='ocr_line' id='line_1_27' title="bbox 336 2943 1972 3025; baseline 0.003 -14"><span class='ocrx_word' id='word_1_360' title='bbox 336 2956 417 3025; x_wconf 90' lang='lat' dir='ltr'><strong>culpa</strong></span> <span class='ocrx_word' id='word_1_361' title='bbox 433 2954 575 3022; x_wconf 89' lang='lat' dir='ltr'><strong>mundata,</strong></span> <span class='ocrx_word' id='word_1_362' title='bbox 603 2961 753 3023; x_wconf 88' lang='lat' dir='ltr'><strong>utrumque</strong></span> <span class='ocrx_word' id='word_1_363' title='bbox 766 2951 794 3005; x_wconf 88' lang='lat' dir='ltr'><strong>in</strong></span> <span class='ocrx_word' id='word_1_364' title='bbox 807 2949 851 3006; x_wconf 86' lang='lat' dir='ltr'><strong>die</strong></span> <span class='ocrx_word' id='word_1_365' title='bbox 863 2948 971 3019; x_wconf 81' lang='lat' dir='ltr'><strong>judicii,</strong></span> <span class='ocrx_word' id='word_1_366' title='bbox 986 2964 1087 3020; x_wconf 86' lang='lat' dir='ltr'><strong>corpus</strong></span> <span class='ocrx_word' id='word_1_367' title='bbox 1102 2958 1130 3005; x_wconf 87' lang='lat' dir='ltr'><strong>et</strong></span> <span class='ocrx_word' id='word_1_368' title='bbox 1179 2943 1263 3001; x_wconf 88' lang='lat' dir='ltr'><strong>Fiunt</strong></span> <span class='ocrx_word' id='word_1_369' title='bbox 1279 2957 1370 3004; x_wconf 85' lang='lat' dir='ltr'><strong>autem</strong></span> <span class='ocrx_word' id='word_1_370' title='bbox 1386 2950 1454 3017; x_wconf 81' lang='lat' dir='ltr'><strong>lae,</strong></span> <span class='ocrx_word' id='word_1_371' title='bbox 1470 2967 1525 3008; x_wconf 91' lang='lat' dir='ltr'><strong>nott</strong></span> <span class='ocrx_word' id='word_1_372' title='bbox 1548 2955 1612 3025; x_wconf 89' lang='lat' dir='ltr'><strong>qnia</strong></span> <span class='ocrx_word' id='word_1_373' title='bbox 1633 2958 1812 3015; x_wconf 83' lang='lat' dir='ltr'><strong>cadaveribus</strong></span> <span class='ocrx_word' id='word_1_374' title='bbox 1825 2959 1891 3018; x_wconf 87' lang='lat' dir='ltr'><strong>insit</strong></span> <span class='ocrx_word' id='word_1_375' title='bbox 1906 2975 1972 3018; x_wconf 86' lang='lat' dir='ltr'><strong>sen·</strong></span> 
     </span>
     <span class='ocr_line' id='line_1_28' title="bbox 337 3040 1970 3128; baseline 0.003 -23"><span class='ocrx_word' id='word_1_376' title='bbox 337 3049 430 3105; x_wconf 89' lang='lat' dir='ltr'><strong>anima</strong></span> <span class='ocrx_word' id='word_1_377' title='bbox 456 3046 681 3117; x_wconf 77' lang='lat' dir='ltr'><strong>qlorillcationem</strong></span> <span class='ocrx_word' id='word_1_378' title='bbox 705 3054 733 3100; x_wconf 90' lang='lat' dir='ltr'><strong>et</strong></span> <span class='ocrx_word' id='word_1_379' title='bbox 759 3040 921 3099; x_wconf 86' lang='lat' dir='ltr'><strong>munditiam</strong></span> <span class='ocrx_word' id='word_1_380' title='bbox 946 3050 1130 3113; x_wconf 85' lang='lat' dir='ltr'><strong>consequetur</strong></span> <span class='ocrx_word' id='word_1_381' title='bbox 1180 3055 1240 3102; x_wconf 79' lang='lat' dir='ltr'><strong>sits.</strong></span> <span class='ocrx_word' id='word_1_382' title='bbox 1252 3041 1299 3097; x_wconf 90' lang='lat' dir='ltr'><strong>sed</strong></span> <span class='ocrx_word' id='word_1_383' title='bbox 1311 3043 1353 3099; x_wconf 86' lang='lat' dir='ltr'><strong>vel</strong></span> <span class='ocrx_word' id='word_1_384' title='bbox 1365 3045 1399 3100; x_wconf 92' lang='lat' dir='ltr'><strong>ad</strong></span> <span class='ocrx_word' id='word_1_385' title='bbox 1412 3046 1537 3118; x_wconf 74' lang='lat' dir='ltr'><strong>liguram,</strong></span> <span class='ocrx_word' id='word_1_386' title='bbox 1551 3050 1593 3104; x_wconf 86' lang='lat' dir='ltr'><strong>vel</strong></span> <span class='ocrx_word' id='word_1_387' title='bbox 1610 3051 1645 3107; x_wconf 93' lang='lat' dir='ltr'><strong>ad</strong></span> <span class='ocrx_word' id='word_1_388' title='bbox 1660 3054 1890 3110; x_wconf 88' lang='lat' dir='ltr'><strong>resurrectionem</strong></span> <span class='ocrx_word' id='word_1_389' title='bbox 1905 3070 1970 3128; x_wconf 81' lang='lat' dir='ltr'><strong>spe·</strong></span> 
     </span>
     <span class='ocr_line' id='line_1_29' title="bbox 336 3135 1971 3220; baseline 0.005 -23"><span class='ocrx_word' id='word_1_390' title='bbox 336 3151 478 3210; x_wconf 69' lang='lat' dir='ltr'><strong>aeternam</strong></span> <span class='ocrx_word' id='word_1_391' title='bbox 493 3155 555 3197; x_wconf 88' lang='lat' dir='ltr'><strong>cum</strong></span> <span class='ocrx_word' id='word_1_392' title='bbox 572 3153 637 3196; x_wconf 91' lang='lat' dir='ltr'><strong>vero</strong></span> <span class='ocrx_word' id='word_1_393' title='bbox 660 3151 761 3211; x_wconf 90' lang='lat' dir='ltr'><strong>corpus</strong></span> <span class='ocrx_word' id='word_1_394' title='bbox 782 3136 869 3193; x_wconf 90' lang='lat' dir='ltr'><strong>lotum</strong></span> <span class='ocrx_word' id='word_1_395' title='bbox 885 3136 982 3202; x_wconf 87' lang='lat' dir='ltr'><strong>luerit,</strong></span> <span class='ocrx_word' id='word_1_396' title='bbox 998 3136 1129 3194; x_wconf 90' lang='lat' dir='ltr'><strong>induatur</strong></span> <span class='ocrx_word' id='word_1_397' title='bbox 1179 3135 1304 3200; x_wconf 90' lang='lat' dir='ltr'><strong>raudam,</strong></span> <span class='ocrx_word' id='word_1_398' title='bbox 1321 3137 1362 3191; x_wconf 88' lang='lat' dir='ltr'><strong>rel</strong></span> <span class='ocrx_word' id='word_1_399' title='bbox 1386 3139 1419 3193; x_wconf 89' lang='lat' dir='ltr'><strong>ad</strong></span> <span class='ocrx_word' id='word_1_400' title='bbox 1443 3138 1488 3195; x_wconf 79' lang='lat' dir='ltr'><strong>liei</strong></span> <span class='ocrx_word' id='word_1_401' title='bbox 1512 3144 1715 3211; x_wconf 86' lang='lat' dir='ltr'><strong>provocandam</strong></span> <span class='ocrx_word' id='word_1_402' title='bbox 1739 3146 1971 3220; x_wconf 81' lang='lat' dir='ltr'><strong>benevolentiam,</strong></span> 
     </span>
     <span class='ocr_line' id='line_1_30' title="bbox 337 3226 1660 3302; baseline 0.001 -11"><span class='ocrx_word' id='word_1_403' title='bbox 337 3233 489 3291; x_wconf 73' lang='lat' dir='ltr'><strong>oeeundum</strong></span> <span class='ocrx_word' id='word_1_404' title='bbox 503 3240 604 3289; x_wconf 88' lang='lat' dir='ltr'><strong>statum</strong></span> <span class='ocrx_word' id='word_1_405' title='bbox 631 3240 659 3288; x_wconf 91' lang='lat' dir='ltr'><strong>et</strong></span> <span class='ocrx_word' id='word_1_406' title='bbox 674 3231 798 3288; x_wconf 85' lang='lat' dir='ltr'><strong>ordinem</strong></span> <span class='ocrx_word' id='word_1_407' title='bbox 814 3245 908 3286; x_wconf 87' lang='lat' dir='ltr'><strong>suum.</strong></span> <span class='ocrx_word' id='word_1_408' title='bbox 924 3227 1025 3285; x_wconf 84' lang='lat' dir='ltr'><strong>Laicus</strong></span> <span class='ocrx_word' id='word_1_409' title='bbox 1037 3227 1129 3286; x_wconf 87' lang='lat' dir='ltr'><strong>cilicio</strong></span> <span class='ocrx_word' id='word_1_410' title='bbox 1179 3226 1223 3280; x_wconf 91' lang='lat' dir='ltr'><strong>cui</strong></span> <span class='ocrx_word' id='word_1_411' title='bbox 1238 3227 1345 3298; x_wconf 88' lang='lat' dir='ltr'><strong>placent</strong></span> <span class='ocrx_word' id='word_1_412' title='bbox 1360 3231 1425 3286; x_wconf 89' lang='lat' dir='ltr'><strong>talia</strong></span> <span class='ocrx_word' id='word_1_413' title='bbox 1440 3231 1549 3302; x_wconf 88' lang='lat' dir='ltr'><strong>pietatis</strong></span> <span class='ocrx_word' id='word_1_414' title='bbox 1561 3235 1660 3292; x_wconf 83' lang='lat' dir='ltr'><strong>olllcia.</strong></span> 
     </span>
    </p>

    <p class='ocr_par' dir='ltr' id='par_1_4' title="bbox 322 3319 1980 4880">
     <span class='ocr_line' id='line_1_31' title="bbox 337 3319 1970 3408; baseline -0.001 -26"><span class='ocrx_word' id='word_1_415' title='bbox 337 3327 478 3396; x_wconf 90' lang='lat' dir='ltr'><strong>induatur,</strong></span> <span class='ocrx_word' id='word_1_416' title='bbox 492 3335 522 3381; x_wconf 91' lang='lat' dir='ltr'><strong>ut</strong></span> <span class='ocrx_word' id='word_1_417' title='bbox 543 3326 595 3382; x_wconf 86' lang='lat' dir='ltr'><strong>lrac</strong></span> <span class='ocrx_word' id='word_1_418' title='bbox 617 3333 694 3381; x_wconf 86' lang='lat' dir='ltr'><strong>reste</strong></span> <span class='ocrx_word' id='word_1_419' title='bbox 716 3330 894 3397; x_wconf 69' lang='lat' dir='ltr'><strong>representet</strong></span> <span class='ocrx_word' id='word_1_420' title='bbox 906 3321 1024 3395; x_wconf 71' lang='lat' dir='ltr'><strong>insignia</strong></span> <span class='ocrx_word' id='word_1_421' title='bbox 1038 3322 1163 3397; x_wconf 68' lang='lat' dir='ltr'><strong>pieni-(3</strong></span> <span class='ocrx_word' id='word_1_422' title='bbox 1216 3319 1249 3376; x_wconf 80' lang='lat' dir='ltr'><strong>Et</strong></span> <span class='ocrx_word' id='word_1_423' title='bbox 1267 3323 1376 3380; x_wconf 87' lang='lat' dir='ltr'><strong>attende</strong></span> <span class='ocrx_word' id='word_1_424' title='bbox 1402 3326 1476 3394; x_wconf 90' lang='lat' dir='ltr'><strong>quod</strong></span> <span class='ocrx_word' id='word_1_425' title='bbox 1494 3327 1618 3398; x_wconf 81' lang='lat' dir='ltr'><strong>sepulcra</strong></span> <span class='ocrx_word' id='word_1_426' title='bbox 1637 3330 1722 3387; x_wconf 75' lang='lat' dir='ltr'><strong>variis</strong></span> <span class='ocrx_word' id='word_1_427' title='bbox 1745 3332 1906 3392; x_wconf 65' lang='lat' dir='ltr'><strong>nominibus</strong></span> <span class='ocrx_word' id='word_1_428' title='bbox 1920 3350 1970 3408; x_wconf 61' lang='lat' dir='ltr'><strong>ap.</strong></span> 
     </span>
     <span class='ocr_line' id='line_1_32' title="bbox 337 3414 1970 3500; baseline -0.001 -23"><span class='ocrx_word' id='word_1_429' title='bbox 337 3421 445 3488; x_wconf 57' lang='lat' dir='ltr'><strong>tentiam</strong></span> <span class='ocrx_word' id='word_1_430' title='bbox 462 3434 525 3476; x_wconf 90' lang='lat' dir='ltr'><strong>nam</strong></span> <span class='ocrx_word' id='word_1_431' title='bbox 541 3418 612 3476; x_wconf 89' lang='lat' dir='ltr'><strong>einis</strong></span> <span class='ocrx_word' id='word_1_432' title='bbox 623 3427 652 3474; x_wconf 93' lang='lat' dir='ltr'><strong>et</strong></span> <span class='ocrx_word' id='word_1_433' title='bbox 666 3417 787 3474; x_wconf 88' lang='lat' dir='ltr'><strong>cilicium</strong></span> <span class='ocrx_word' id='word_1_434' title='bbox 812 3422 878 3473; x_wconf 86' lang='lat' dir='ltr'><strong>sunt</strong></span> <span class='ocrx_word' id='word_1_435' title='bbox 898 3430 975 3470; x_wconf 90' lang='lat' dir='ltr'><strong>arma</strong></span> <span class='ocrx_word' id='word_1_436' title='bbox 990 3414 1126 3485; x_wconf 85' lang='lat' dir='ltr'><strong>poeuiten-</strong></span> <span class='ocrx_word' id='word_1_437' title='bbox 1178 3415 1330 3484; x_wconf 88' lang='lat' dir='ltr'><strong>pellatttur;</strong></span> <span class='ocrx_word' id='word_1_438' title='bbox 1345 3417 1468 3474; x_wconf 89' lang='lat' dir='ltr'><strong>locorum</strong></span> <span class='ocrx_word' id='word_1_439' title='bbox 1482 3419 1575 3491; x_wconf 88' lang='lat' dir='ltr'><strong>itaque</strong></span> <span class='ocrx_word' id='word_1_440' title='bbox 1589 3420 1710 3480; x_wconf 86' lang='lat' dir='ltr'><strong>aliusest</strong></span> <span class='ocrx_word' id='word_1_441' title='bbox 1720 3440 1808 3493; x_wconf 85' lang='lat' dir='ltr'><strong>sacer,</strong></span> <span class='ocrx_word' id='word_1_442' title='bbox 1821 3435 1849 3482; x_wconf 92' lang='lat' dir='ltr'><strong>et</strong></span> <span class='ocrx_word' id='word_1_443' title='bbox 1861 3428 1910 3499; x_wconf 85' lang='lat' dir='ltr'><strong>qui</strong></span> <span class='ocrx_word' id='word_1_444' title='bbox 1921 3443 1970 3500; x_wconf 69' lang='lat' dir='ltr'><strong>per</strong></span> 
     </span>
     <span class='ocr_line' id='line_1_33' title="bbox 336 3507 1969 3584; baseline -0.002 -12"><span class='ocrx_word' id='word_1_445' title='bbox 336 3515 416 3571; x_wconf 84' lang='lat' dir='ltr'><strong>tium.</strong></span> <span class='ocrx_word' id='word_1_446' title='bbox 442 3513 550 3570; x_wconf 78' lang='lat' dir='ltr'><strong>Alicubi</strong></span> <span class='ocrx_word' id='word_1_447' title='bbox 581 3527 647 3568; x_wconf 82' lang='lat' dir='ltr'><strong>vero</strong></span> <span class='ocrx_word' id='word_1_448' title='bbox 677 3511 795 3567; x_wconf 77' lang='lat' dir='ltr'><strong>maxime</strong></span> <span class='ocrx_word' id='word_1_449' title='bbox 821 3510 922 3566; x_wconf 85' lang='lat' dir='ltr'><strong>divites</strong></span> <span class='ocrx_word' id='word_1_450' title='bbox 943 3507 1064 3563; x_wconf 87' lang='lat' dir='ltr'><strong>sudariis</strong></span> <span class='ocrx_word' id='word_1_451' title='bbox 1084 3508 1127 3562; x_wconf 90' lang='lat' dir='ltr'><strong>in·</strong></span> <span class='ocrx_word' id='word_1_452' title='bbox 1178 3520 1277 3561; x_wconf 91' lang='lat' dir='ltr'><strong>manus</strong></span> <span class='ocrx_word' id='word_1_453' title='bbox 1292 3507 1429 3577; x_wconf 88' lang='lat' dir='ltr'><strong>pontilicis</strong></span> <span class='ocrx_word' id='word_1_454' title='bbox 1445 3519 1489 3566; x_wconf 93' lang='lat' dir='ltr'><strong>est</strong></span> <span class='ocrx_word' id='word_1_455' title='bbox 1500 3509 1557 3567; x_wconf 86' lang='lat' dir='ltr'><strong>beo</strong></span> <span class='ocrx_word' id='word_1_456' title='bbox 1570 3512 1687 3582; x_wconf 84' lang='lat' dir='ltr'><strong>dicatus,</strong></span> <span class='ocrx_word' id='word_1_457' title='bbox 1704 3525 1734 3571; x_wconf 93' lang='lat' dir='ltr'><strong>ut</strong></span> <span class='ocrx_word' id='word_1_458' title='bbox 1747 3515 1880 3584; x_wconf 86' lang='lat' dir='ltr'><strong>ecclesia;</strong></span> <span class='ocrx_word' id='word_1_459' title='bbox 1897 3518 1969 3575; x_wconf 75' lang='lat' dir='ltr'><strong>alios</strong></span> 
     </span>
     <span class='ocr_line' id='line_1_34' title="bbox 336 3590 1970 3682; baseline 0.001 -20"><span class='ocrx_word' id='word_1_460' title='bbox 336 3606 470 3671; x_wconf 87' lang='lat' dir='ltr'><strong>duuntur,</strong></span> <span class='ocrx_word' id='word_1_461' title='bbox 493 3603 589 3675; x_wconf 76' lang='lat' dir='ltr'><strong>caligis</strong></span> <span class='ocrx_word' id='word_1_462' title='bbox 614 3612 642 3660; x_wconf 90' lang='lat' dir='ltr'><strong>et</strong></span> <span class='ocrx_word' id='word_1_463' title='bbox 651 3600 828 3660; x_wconf 85' lang='lat' dir='ltr'><strong>sotularibus</strong></span> <span class='ocrx_word' id='word_1_464' title='bbox 851 3602 1029 3666; x_wconf 88' lang='lat' dir='ltr'><strong>calceantur,</strong></span> <span class='ocrx_word' id='word_1_465' title='bbox 1053 3600 1127 3673; x_wconf 90' lang='lat' dir='ltr'><strong>quod</strong></span> <span class='ocrx_word' id='word_1_466' title='bbox 1178 3607 1301 3668; x_wconf 86' lang='lat' dir='ltr'><strong>sanctus,</strong></span> <span class='ocrx_word' id='word_1_467' title='bbox 1316 3610 1346 3657; x_wconf 93' lang='lat' dir='ltr'><strong>ut</strong></span> <span class='ocrx_word' id='word_1_468' title='bbox 1363 3602 1409 3672; x_wconf 91' lang='lat' dir='ltr'><strong>qui</strong></span> <span class='ocrx_word' id='word_1_469' title='bbox 1435 3603 1615 3661; x_wconf 86' lang='lat' dir='ltr'><strong>servitoribus</strong></span> <span class='ocrx_word' id='word_1_470' title='bbox 1629 3590 1970 3682; x_wconf 77' lang='lat' dir='ltr'><strong>ecclesialeputatur,us</strong></span> 
     </span>
     <span class='ocr_line' id='line_1_35' title="bbox 337 3693 1969 3772; baseline 0.002 -16"><span class='ocrx_word' id='word_1_471' title='bbox 337 3701 456 3756; x_wconf 83' lang='lat' dir='ltr'><strong>sumitur</strong></span> <span class='ocrx_word' id='word_1_472' title='bbox 480 3698 516 3754; x_wconf 90' lang='lat' dir='ltr'><strong>ab</strong></span> <span class='ocrx_word' id='word_1_473' title='bbox 542 3713 576 3754; x_wconf 88' lang='lat' dir='ltr'><strong>eo</strong></span> <span class='ocrx_word' id='word_1_474' title='bbox 603 3697 676 3769; x_wconf 89' lang='lat' dir='ltr'><strong>quod</strong></span> <span class='ocrx_word' id='word_1_475' title='bbox 707 3696 735 3751; x_wconf 92' lang='lat' dir='ltr'><strong>in</strong></span> <span class='ocrx_word' id='word_1_476' title='bbox 759 3695 903 3766; x_wconf 77' lang='lat' dir='ltr'><strong>evangelio</strong></span> <span class='ocrx_word' id='word_1_477' title='bbox 925 3694 948 3727; x_wconf 86' lang='lat'><strong>¹⁸</strong></span> <span class='ocrx_word' id='word_1_478' title='bbox 972 3693 1070 3767; x_wconf 74' lang='lat' dir='ltr'><strong>legitur</strong></span> <span class='ocrx_word' id='word_1_479' title='bbox 1093 3695 1128 3750; x_wconf 89' lang='lat' dir='ltr'><strong>de</strong></span> <span class='ocrx_word' id='word_1_480' title='bbox 1178 3706 1233 3762; x_wconf 91' lang='lat' dir='ltr'><strong>quo</strong></span> <span class='ocrx_word' id='word_1_481' title='bbox 1256 3693 1309 3749; x_wconf 93' lang='lat' dir='ltr'><strong>sub</strong></span> <span class='ocrx_word' id='word_1_482' title='bbox 1333 3695 1558 3754; x_wconf 87' lang='lat' dir='ltr'><strong>interminatione</strong></span> <span class='ocrx_word' id='word_1_483' title='bbox 1580 3708 1689 3755; x_wconf 80' lang='lat' dir='ltr'><strong>aterna</strong></span> <span class='ocrx_word' id='word_1_484' title='bbox 1713 3716 1802 3772; x_wconf 85' lang='lat' dir='ltr'><strong>poenae</strong></span> <span class='ocrx_word' id='word_1_485' title='bbox 1828 3704 1969 3760; x_wconf 87' lang='lat' dir='ltr'><strong>sancitum</strong></span> 
     </span>
     <span class='ocr_line' id='line_1_36' title="bbox 336 3784 1969 3862; baseline -0.003 -16"><span class='ocrx_word' id='word_1_486' title='bbox 336 3789 450 3846; x_wconf 88' lang='lat' dir='ltr'><strong>sudario</strong></span> <span class='ocrx_word' id='word_1_487' title='bbox 462 3799 489 3845; x_wconf 88' lang='lat' dir='ltr'><strong>et</strong></span> <span class='ocrx_word' id='word_1_488' title='bbox 499 3788 614 3845; x_wconf 88' lang='lat' dir='ltr'><strong>sindone</strong></span> <span class='ocrx_word' id='word_1_489' title='bbox 626 3784 740 3843; x_wconf 81' lang='lat' dir='ltr'><strong>Christi.</strong></span> <span class='ocrx_word' id='word_1_490' title='bbox 754 3784 854 3840; x_wconf 77' lang='lat' dir='ltr'><strong>Clerici</strong></span> <span class='ocrx_word' id='word_1_491' title='bbox 867 3798 934 3840; x_wconf 87' lang='lat' dir='ltr'><strong>vero</strong></span> <span class='ocrx_word' id='word_1_492' title='bbox 948 3784 1125 3848; x_wconf 87' lang='lat' dir='ltr'><strong>tondeantur,</strong></span> <span class='ocrx_word' id='word_1_493' title='bbox 1177 3795 1230 3853; x_wconf 88' lang='lat' dir='ltr'><strong>est,</strong></span> <span class='ocrx_word' id='word_1_494' title='bbox 1248 3800 1283 3842; x_wconf 90' lang='lat' dir='ltr'><strong>tre</strong></span> <span class='ocrx_word' id='word_1_495' title='bbox 1301 3788 1363 3858; x_wconf 91' lang='lat' dir='ltr'><strong>quis</strong></span> <span class='ocrx_word' id='word_1_496' title='bbox 1384 3803 1447 3843; x_wconf 90' lang='lat' dir='ltr'><strong>eunt</strong></span> <span class='ocrx_word' id='word_1_497' title='bbox 1461 3790 1565 3847; x_wconf 84' lang='lat' dir='ltr'><strong>violare</strong></span> <span class='ocrx_word' id='word_1_498' title='bbox 1589 3801 1747 3862; x_wconf 73' lang='lat' dir='ltr'><strong>praesumat,</strong></span> <span class='ocrx_word' id='word_1_499' title='bbox 1773 3805 1803 3849; x_wconf 91' lang='lat' dir='ltr'><strong>ut</strong></span> <span class='ocrx_word' id='word_1_500' title='bbox 1816 3795 1969 3850; x_wconf 77' lang='lat' dir='ltr'><strong>seeundum</strong></span> 
     </span>
     <span class='ocr_line' id='line_1_37' title="bbox 335 3873 1970 3958; baseline -0.001 -19"><span class='ocrx_word' id='word_1_501' title='bbox 335 3883 517 3946; x_wconf 81' lang='lat' dir='ltr'><strong>eiradantur,</strong></span> <span class='ocrx_word' id='word_1_502' title='bbox 530 3888 557 3934; x_wconf 85' lang='lat' dir='ltr'><strong>et</strong></span> <span class='ocrx_word' id='word_1_503' title='bbox 571 3877 659 3934; x_wconf 92' lang='lat' dir='ltr'><strong>induti</strong></span> <span class='ocrx_word' id='word_1_504' title='bbox 674 3883 763 3932; x_wconf 86' lang='lat' dir='ltr'><strong>restes</strong></span> <span class='ocrx_word' id='word_1_505' title='bbox 774 3875 816 3932; x_wconf 90' lang='lat' dir='ltr'><strong>sui</strong></span> <span class='ocrx_word' id='word_1_506' title='bbox 831 3873 937 3930; x_wconf 91' lang='lat' dir='ltr'><strong>ordinis</strong></span> <span class='ocrx_word' id='word_1_507' title='bbox 948 3874 1124 3945; x_wconf 84' lang='lat' dir='ltr'><strong>sepeliantur,</strong></span> <span class='ocrx_word' id='word_1_508' title='bbox 1179 3893 1300 3935; x_wconf 88' lang='lat' dir='ltr'><strong>canottes</strong></span> <span class='ocrx_word' id='word_1_509' title='bbox 1327 3879 1447 3936; x_wconf 87' lang='lat' dir='ltr'><strong>ambitus</strong></span> <span class='ocrx_word' id='word_1_510' title='bbox 1472 3882 1677 3949; x_wconf 88' lang='lat' dir='ltr'><strong>ecclesiarum,</strong></span> <span class='ocrx_word' id='word_1_511' title='bbox 1709 3886 1860 3939; x_wconf 89' lang='lat' dir='ltr'><strong>secundum</strong></span> <span class='ocrx_word' id='word_1_512' title='bbox 1894 3885 1970 3958; x_wconf 72' lang='lat' dir='ltr'><strong>leges</strong></span> 
     </span>
     <span class='ocr_line' id='line_1_38' title="bbox 336 3969 1969 4047; baseline 0 -15"><span class='ocrx_word' id='word_1_513' title='bbox 336 3975 410 4047; x_wconf 86' lang='lat' dir='ltr'><strong>quod</strong></span> <span class='ocrx_word' id='word_1_514' title='bbox 425 3974 490 4031; x_wconf 92' lang='lat' dir='ltr'><strong>licet</strong></span> <span class='ocrx_word' id='word_1_515' title='bbox 503 3973 531 4026; x_wconf 93' lang='lat' dir='ltr'><strong>in</strong></span> <span class='ocrx_word' id='word_1_516' title='bbox 553 3970 616 4026; x_wconf 89' lang='lat' dir='ltr'><strong>aliis</strong></span> <span class='ocrx_word' id='word_1_517' title='bbox 636 3970 780 4027; x_wconf 91' lang='lat' dir='ltr'><strong>ordinibus</strong></span> <span class='ocrx_word' id='word_1_518' title='bbox 802 3976 911 4039; x_wconf 89' lang='lat' dir='ltr'><strong>propter</strong></span> <span class='ocrx_word' id='word_1_519' title='bbox 937 3974 1126 4039; x_wconf 89' lang='lat' dir='ltr'><strong>paupertatem</strong></span> <span class='ocrx_word' id='word_1_520' title='bbox 1178 3969 1251 4025; x_wconf 90' lang='lat' dir='ltr'><strong>muri</strong></span> <span class='ocrx_word' id='word_1_521' title='bbox 1264 3980 1292 4027; x_wconf 89' lang='lat' dir='ltr'><strong>et</strong></span> <span class='ocrx_word' id='word_1_522' title='bbox 1309 3971 1462 4028; x_wconf 88' lang='lat' dir='ltr'><strong>munimina</strong></span> <span class='ocrx_word' id='word_1_523' title='bbox 1475 3973 1627 4030; x_wconf 87' lang='lat' dir='ltr'><strong>civitatum.</strong></span> <span class='ocrx_word' id='word_1_524' title='bbox 1649 3973 1727 4030; x_wconf 76' lang='lat' dir='ltr'><strong>llius</strong></span> <span class='ocrx_word' id='word_1_525' title='bbox 1748 3975 1903 4044; x_wconf 77' lang='lat' dir='ltr'><strong>religiosus,</strong></span> <span class='ocrx_word' id='word_1_526' title='bbox 1921 3974 1969 4033; x_wconf 86' lang='lat' dir='ltr'><strong>ubi</strong></span> 
     </span>
     <span class='ocr_line' id='line_1_39' title="bbox 336 4059 1980 4141; baseline -0.002 -15"><span class='ocrx_word' id='word_1_527' title='bbox 336 4068 437 4141; x_wconf 78' lang='lat' dir='ltr'><strong>sapius</strong></span> <span class='ocrx_word' id='word_1_528' title='bbox 463 4064 614 4130; x_wconf 87' lang='lat' dir='ltr'><strong>omittatur,</strong></span> <span class='ocrx_word' id='word_1_529' title='bbox 642 4061 783 4119; x_wconf 89' lang='lat' dir='ltr'><strong>tamenin</strong></span> <span class='ocrx_word' id='word_1_530' title='bbox 807 4059 996 4118; x_wconf 86' lang='lat' dir='ltr'><strong>sacerdotibus</strong></span> <span class='ocrx_word' id='word_1_531' title='bbox 1020 4060 1126 4131; x_wconf 87' lang='lat' dir='ltr'><strong>etepi-</strong></span> <span class='ocrx_word' id='word_1_532' title='bbox 1178 4060 1330 4117; x_wconf 88' lang='lat' dir='ltr'><strong>secundum</strong></span> <span class='ocrx_word' id='word_1_533' title='bbox 1348 4070 1450 4119; x_wconf 88' lang='lat' dir='ltr'><strong>statuta</strong></span> <span class='ocrx_word' id='word_1_534' title='bbox 1476 4062 1663 4121; x_wconf 82' lang='lat' dir='ltr'><strong>Romanorum</strong></span> <span class='ocrx_word' id='word_1_535' title='bbox 1690 4081 1791 4138; x_wconf 90' lang='lat' dir='ltr'><strong>corpus</strong></span> <span class='ocrx_word' id='word_1_536' title='bbox 1818 4067 1980 4137; x_wconf 68' lang='lat' dir='ltr'><strong>integrum,-</strong></span> 
     </span>
     <span class='ocr_line' id='line_1_40' title="bbox 335 4135 1970 4233; baseline -0.002 -15"><span class='ocrx_word' id='word_1_537' title='bbox 335 4135 430 4231; x_wconf 68' lang='lat' dir='ltr'><strong>scopls</strong></span> <span class='ocrx_word' id='word_1_538' title='bbox 461 4174 517 4215; x_wconf 88' lang='lat' dir='ltr'><strong>non</strong></span> <span class='ocrx_word' id='word_1_539' title='bbox 540 4157 661 4229; x_wconf 90' lang='lat' dir='ltr'><strong>patimur</strong></span> <span class='ocrx_word' id='word_1_540' title='bbox 687 4152 869 4211; x_wconf 87' lang='lat' dir='ltr'><strong>omittendum</strong></span> <span class='ocrx_word' id='word_1_541' title='bbox 895 4172 902 4209; x_wconf 91' lang='lat'>:</span> <span class='ocrx_word' id='word_1_542' title='bbox 928 4162 1017 4209; x_wconf 74' lang='lat' dir='ltr'><strong>vestm</strong></span> <span class='ocrx_word' id='word_1_543' title='bbox 1051 4153 1125 4210; x_wconf 91' lang='lat' dir='ltr'><strong>enirn</strong></span> <span class='ocrx_word' id='word_1_544' title='bbox 1178 4161 1227 4209; x_wconf 86' lang='lat' dir='ltr'><strong>aut</strong></span> <span class='ocrx_word' id='word_1_545' title='bbox 1239 4163 1321 4226; x_wconf 88' lang='lat' dir='ltr'><strong>caput</strong></span> <span class='ocrx_word' id='word_1_546' title='bbox 1334 4155 1455 4213; x_wconf 83' lang='lat' dir='ltr'><strong>bominis</strong></span> <span class='ocrx_word' id='word_1_547' title='bbox 1470 4159 1621 4229; x_wconf 86' lang='lat' dir='ltr'><strong>sepelitur;</strong></span> <span class='ocrx_word' id='word_1_548' title='bbox 1636 4170 1717 4232; x_wconf 88' lang='lat' dir='ltr'><strong>caput</strong></span> <span class='ocrx_word' id='word_1_549' title='bbox 1738 4161 1800 4217; x_wconf 88' lang='lat' dir='ltr'><strong>ideo</strong></span> <span class='ocrx_word' id='word_1_550' title='bbox 1811 4161 1885 4230; x_wconf 89' lang='lat' dir='ltr'><strong>dico,</strong></span> <span class='ocrx_word' id='word_1_551' title='bbox 1902 4160 1970 4233; x_wconf 87' lang='lat' dir='ltr'><strong>quia</strong></span> 
     </span>
     <span class='ocr_line' id='line_1_41' title="bbox 338 4247 1969 4325; baseline -0.001 -14"><span class='ocrx_word' id='word_1_552' title='bbox 338 4253 523 4310; x_wconf 80' lang='lat' dir='ltr'><strong>saeemotales</strong></span> <span class='ocrx_word' id='word_1_553' title='bbox 537 4250 653 4305; x_wconf 81' lang='lat' dir='ltr'><strong>virtutes</strong></span> <span class='ocrx_word' id='word_1_554' title='bbox 675 4248 840 4320; x_wconf 74' lang='lat' dir='ltr'><strong>siprtillcaut,</strong></span> <span class='ocrx_word' id='word_1_555' title='bbox 855 4262 918 4303; x_wconf 92' lang='lat' dir='ltr'><strong>cum</strong></span> <span class='ocrx_word' id='word_1_556' title='bbox 936 4247 1037 4318; x_wconf 89' lang='lat' dir='ltr'><strong>quibus</strong></span> <span class='ocrx_word' id='word_1_557' title='bbox 1070 4262 1127 4318; x_wconf 77' lang='lat' dir='ltr'><strong>prru</strong></span> <span class='ocrx_word' id='word_1_558' title='bbox 1178 4257 1295 4304; x_wconf 88' lang='lat' dir='ltr'><strong>truncus</strong></span> <span class='ocrx_word' id='word_1_559' title='bbox 1310 4248 1370 4305; x_wconf 91' lang='lat' dir='ltr'><strong>sine</strong></span> <span class='ocrx_word' id='word_1_560' title='bbox 1391 4251 1481 4321; x_wconf 87' lang='lat' dir='ltr'><strong>capite</strong></span> <span class='ocrx_word' id='word_1_561' title='bbox 1501 4250 1590 4308; x_wconf 85' lang='lat' dir='ltr'><strong>locunt</strong></span> <span class='ocrx_word' id='word_1_562' title='bbox 1609 4267 1664 4308; x_wconf 92' lang='lat' dir='ltr'><strong>uon</strong></span> <span class='ocrx_word' id='word_1_563' title='bbox 1689 4252 1770 4309; x_wconf 89' lang='lat' dir='ltr'><strong>elllcit</strong></span> <span class='ocrx_word' id='word_1_564' title='bbox 1790 4254 1969 4325; x_wconf 68' lang='lat' dir='ltr'><strong>religiosum</strong></span> 
     </span>
     <span class='ocr_line' id='line_1_42' title="bbox 337 4337 1970 4418; baseline -0.001 -15"><span class='ocrx_word' id='word_1_565' title='bbox 337 4344 444 4403; x_wconf 64' lang='lat' dir='ltr'><strong>aleris</strong></span> <span class='ocrx_word' id='word_1_566' title='bbox 468 4352 533 4401; x_wconf 90' lang='lat' dir='ltr'><strong>sunt</strong></span> <span class='ocrx_word' id='word_1_567' title='bbox 553 4340 670 4399; x_wconf 84' lang='lat' dir='ltr'><strong>Domino</strong></span> <span class='ocrx_word' id='word_1_568' title='bbox 694 4337 886 4411; x_wconf 75' lang='lat' dir='ltr'><strong>prasenurrui.</strong></span> <span class='ocrx_word' id='word_1_569' title='bbox 922 4337 971 4395; x_wconf 88' lang='lat' dir='ltr'><strong>llic</strong></span> <span class='ocrx_word' id='word_1_570' title='bbox 995 4339 1128 4410; x_wconf 76' lang='lat' dir='ltr'><strong>quaritur</strong></span> <span class='ocrx_word' id='word_1_571' title='bbox 1178 4343 1243 4413; x_wconf 91' lang='lat' dir='ltr'><strong>quia</strong></span> <span class='ocrx_word' id='word_1_572' title='bbox 1258 4341 1351 4401; x_wconf 90' lang='lat' dir='ltr'><strong>nullus</strong></span> <span class='ocrx_word' id='word_1_573' title='bbox 1361 4344 1430 4401; x_wconf 88' lang='lat' dir='ltr'><strong>duas</strong></span> <span class='ocrx_word' id='word_1_574' title='bbox 1451 4345 1609 4416; x_wconf 87' lang='lat' dir='ltr'><strong>sepulturas</strong></span> <span class='ocrx_word' id='word_1_575' title='bbox 1622 4354 1712 4418; x_wconf 88' lang='lat' dir='ltr'><strong>potest</strong></span> <span class='ocrx_word' id='word_1_576' title='bbox 1733 4346 1845 4414; x_wconf 88' lang='lat' dir='ltr'><strong>babere,</strong></span> <span class='ocrx_word' id='word_1_577' title='bbox 1861 4347 1970 4403; x_wconf 90' lang='lat' dir='ltr'><strong>sedubl</strong></span> 
     </span>
     <span class='ocr_line' id='line_1_43' title="bbox 335 4430 1970 4508; baseline -0.003 -12"><span class='ocrx_word' id='word_1_578' title='bbox 335 4448 429 4496; x_wconf 88' lang='lat' dir='ltr'><strong>utrum</strong></span> <span class='ocrx_word' id='word_1_579' title='bbox 447 4437 573 4492; x_wconf 88' lang='lat' dir='ltr'><strong>bomines</strong></span> <span class='ocrx_word' id='word_1_580' title='bbox 587 4433 643 4490; x_wconf 89' lang='lat' dir='ltr'><strong>sint</strong></span> <span class='ocrx_word' id='word_1_581' title='bbox 662 4432 747 4489; x_wconf 88' lang='lat' dir='ltr'><strong>iuturi</strong></span> <span class='ocrx_word' id='word_1_582' title='bbox 765 4431 831 4489; x_wconf 87' lang='lat' dir='ltr'><strong>nudi</strong></span> <span class='ocrx_word' id='word_1_583' title='bbox 845 4437 908 4504; x_wconf 88' lang='lat' dir='ltr'><strong>post</strong></span> <span class='ocrx_word' id='word_1_584' title='bbox 926 4430 998 4487; x_wconf 88' lang='lat' dir='ltr'><strong>diem</strong></span> <span class='ocrx_word' id='word_1_585' title='bbox 1009 4430 1128 4501; x_wconf 82' lang='lat' dir='ltr'><strong>judicii?</strong></span> <span class='ocrx_word' id='word_1_586' title='bbox 1178 4445 1270 4505; x_wconf 90' lang='lat' dir='ltr'><strong>caput,</strong></span> <span class='ocrx_word' id='word_1_587' title='bbox 1284 4435 1322 4491; x_wconf 91' lang='lat' dir='ltr'><strong>ibi</strong></span> <span class='ocrx_word' id='word_1_588' title='bbox 1344 4437 1486 4508; x_wconf 90' lang='lat' dir='ltr'><strong>sepultura</strong></span> <span class='ocrx_word' id='word_1_589' title='bbox 1501 4438 1563 4507; x_wconf 79' lang='lat' dir='ltr'><strong>eJus</strong></span> <span class='ocrx_word' id='word_1_590' title='bbox 1588 4437 1690 4496; x_wconf 87' lang='lat' dir='ltr'><strong>dicitur</strong></span> <span class='ocrx_word' id='word_1_591' title='bbox 1702 4455 1774 4507; x_wconf 83' lang='lat' dir='ltr'><strong>esse,</strong></span> <span class='ocrx_word' id='word_1_592' title='bbox 1793 4439 1851 4495; x_wconf 87' lang='lat' dir='ltr'><strong>sire</strong></span> <span class='ocrx_word' id='word_1_593' title='bbox 1865 4441 1902 4496; x_wconf 85' lang='lat' dir='ltr'><strong>sit</strong></span> <span class='ocrx_word' id='word_1_594' title='bbox 1919 4438 1970 4497; x_wconf 80' lang='lat' dir='ltr'><strong>Ju-</strong></span> 
     </span>
     <span class='ocr_line' id='line_1_44' title="bbox 339 4522 1970 4599; baseline -0.001 -10"><span class='ocrx_word' id='word_1_595' title='bbox 339 4531 451 4588; x_wconf 78' lang='lat' dir='ltr'><strong>llidctur</strong></span> <span class='ocrx_word' id='word_1_596' title='bbox 463 4529 536 4599; x_wconf 84' lang='lat' dir='ltr'><strong>quud</strong></span> <span class='ocrx_word' id='word_1_597' title='bbox 551 4526 641 4583; x_wconf 86' lang='lat' dir='ltr'><strong>vestiti</strong></span> <span class='ocrx_word' id='word_1_598' title='bbox 655 4544 662 4582; x_wconf 77' lang='grc' dir='ltr'>ε</span> <span class='ocrx_word' id='word_1_599' title='bbox 678 4536 736 4583; x_wconf 89' lang='lat' dir='ltr'><strong>tum</strong></span> <span class='ocrx_word' id='word_1_600' title='bbox 751 4541 785 4582; x_wconf 83' lang='lat' dir='ltr'><strong>ex</strong></span> <span class='ocrx_word' id='word_1_601' title='bbox 802 4525 854 4582; x_wconf 88' lang='lat' dir='ltr'><strong>hac</strong></span> <span class='ocrx_word' id='word_1_602' title='bbox 869 4525 1017 4581; x_wconf 86' lang='lat' dir='ltr'><strong>universali</strong></span> <span class='ocrx_word' id='word_1_603' title='bbox 1040 4524 1127 4581; x_wconf 82' lang='lat' dir='ltr'><strong>cccic-</strong></span> <span class='ocrx_word' id='word_1_604' title='bbox 1178 4525 1266 4593; x_wconf 71' lang='lat' dir='ltr'><strong>deus,</strong></span> <span class='ocrx_word' id='word_1_605' title='bbox 1283 4527 1342 4584; x_wconf 86' lang='lat' dir='ltr'><strong>site</strong></span> <span class='ocrx_word' id='word_1_606' title='bbox 1355 4543 1489 4597; x_wconf 74' lang='lat' dir='ltr'><strong>paratius.</strong></span> <span class='ocrx_word' id='word_1_607' title='bbox 1505 4529 1542 4585; x_wconf 80' lang='grc' dir='ltr'><strong>Αι</strong></span> <span class='ocrx_word' id='word_1_608' title='bbox 1555 4530 1706 4587; x_wconf 90' lang='lat' dir='ltr'><strong>secundum</strong></span> <span class='ocrx_word' id='word_1_609' title='bbox 1717 4539 1820 4589; x_wconf 88' lang='lat' dir='ltr'><strong>statuta</strong></span> <span class='ocrx_word' id='word_1_610' title='bbox 1831 4522 1970 4588; x_wconf 77' lang='lat' dir='ltr'><strong>Christia-</strong></span> 
     </span>
     <span class='ocr_line' id='line_1_45' title="bbox 322 4616 1969 4697; baseline -0.007 -14"><span class='ocrx_word' id='word_1_611' title='bbox 322 4625 439 4686; x_wconf 83' lang='lat' dir='ltr'><strong>¹alarum</strong></span> <span class='ocrx_word' id='word_1_612' title='bbox 447 4616 1125 4692; x_wconf 75' lang='lat' dir='ltr'><strong>mrrsueludtne,quaenonnoseonrueritinduere</strong></span> <span class='ocrx_word' id='word_1_613' title='bbox 1180 4634 1279 4676; x_wconf 89' lang='lat' dir='ltr'><strong>norum</strong></span> <span class='ocrx_word' id='word_1_614' title='bbox 1295 4620 1373 4679; x_wconf 91' lang='lat' dir='ltr'><strong>locus</strong></span> <span class='ocrx_word' id='word_1_615' title='bbox 1394 4635 1507 4682; x_wconf 88' lang='lat' dir='ltr'><strong>nonest</strong></span> <span class='ocrx_word' id='word_1_616' title='bbox 1528 4624 1685 4697; x_wconf 77' lang='lat' dir='ltr'><strong>religiosus,</strong></span> <span class='ocrx_word' id='word_1_617' title='bbox 1701 4626 1753 4682; x_wconf 90' lang='lat' dir='ltr'><strong>nisi</strong></span> <span class='ocrx_word' id='word_1_618' title='bbox 1769 4626 1815 4682; x_wconf 91' lang='lat' dir='ltr'><strong>ubi</strong></span> <span class='ocrx_word' id='word_1_619' title='bbox 1833 4626 1969 4686; x_wconf 68' lang='lat' dir='ltr'><strong>Christi..</strong></span> 
     </span>
     <span class='ocr_line' id='line_1_46' title="bbox 337 4708 1968 4791; baseline 0 -14"><span class='ocrx_word' id='word_1_620' title='bbox 337 4725 395 4772; x_wconf 86' lang='lat' dir='ltr'><strong>tum</strong></span> <span class='ocrx_word' id='word_1_621' title='bbox 423 4714 489 4787; x_wconf 81' lang='lat' dir='ltr'><strong>quia</strong></span> <span class='ocrx_word' id='word_1_622' title='bbox 512 4711 645 4768; x_wconf 79' lang='lat' dir='ltr'><strong>Dominus</strong></span> <span class='ocrx_word' id='word_1_623' title='bbox 668 4710 696 4767; x_wconf 85' lang='lat' dir='ltr'><strong>iu</strong></span> <span class='ocrx_word' id='word_1_624' title='bbox 736 4709 976 4782; x_wconf 72' lang='lat' dir='ltr'><strong>transfiguratione</strong></span> <span class='ocrx_word' id='word_1_625' title='bbox 1011 4708 1127 4765; x_wconf 85' lang='lat' dir='ltr'><strong>restitus</strong></span> <span class='ocrx_word' id='word_1_626' title='bbox 1143 4711 1165 4766; x_wconf 84' lang='lat' dir='ltr'><strong>lt</strong></span> <span class='ocrx_word' id='word_1_627' title='bbox 1180 4731 1232 4772; x_wconf 88' lang='lat' dir='ltr'><strong>nus</strong></span> <span class='ocrx_word' id='word_1_628' title='bbox 1246 4715 1328 4772; x_wconf 90' lang='lat' dir='ltr'><strong>luerit</strong></span> <span class='ocrx_word' id='word_1_629' title='bbox 1340 4719 1480 4790; x_wconf 90' lang='lat' dir='ltr'><strong>sepultus;</strong></span> <span class='ocrx_word' id='word_1_630' title='bbox 1498 4719 1546 4791; x_wconf 92' lang='lat' dir='ltr'><strong>qui</strong></span> <span class='ocrx_word' id='word_1_631' title='bbox 1555 4721 1633 4777; x_wconf 90' lang='lat' dir='ltr'><strong>locus</strong></span> <span class='ocrx_word' id='word_1_632' title='bbox 1643 4729 1758 4778; x_wconf 85' lang='lat' dir='ltr'><strong>vocatur</strong></span> <span class='ocrx_word' id='word_1_633' title='bbox 1767 4722 1968 4788; x_wconf 76' lang='lat' dir='ltr'><strong>caemeterium,</strong></span> 
     </span>
     <span class='ocr_line' id='line_1_47' title="bbox 335 4802 1969 4880; baseline -0.004 -4"><span class='ocrx_word' id='word_1_634' title='bbox 335 4804 464 4877; x_wconf 65' lang='lat' dir='ltr'><strong>³l¹ll²i¹¹5²</strong></span> <span class='ocrx_word' id='word_1_635' title='bbox 486 4805 526 4873; x_wconf 72' lang='lat' dir='ltr'><strong>”s</strong></span> <span class='ocrx_word' id='word_1_636' title='bbox 558 4803 630 4859; x_wconf 71' lang='lat'>”⁰¹¹0</span> <span class='ocrx_word' id='word_1_637' title='bbox 659 4803 819 4858; x_wconf 52' lang='lat' dir='ltr'><strong>mummi</strong></span> <span class='ocrx_word' id='word_1_638' title='bbox 848 4802 909 4873; x_wconf 72' lang='lat'><strong>01⁰¹</strong></span> <span class='ocrx_word' id='word_1_639' title='bbox 940 4808 1127 4874; x_wconf 68' lang='lat' dir='ltr'><strong>⁸llll⁸f¹¹0l¹¹¹¹²</strong></span> <span class='ocrx_word' id='word_1_640' title='bbox 1177 4819 1207 4863; x_wconf 75' lang='lat' dir='ltr'><strong>tt!</strong></span> <span class='ocrx_word' id='word_1_641' title='bbox 1226 4810 1414 4880; x_wconf 76' lang='lat' dir='ltr'><strong>praediximus,</strong></span> <span class='ocrx_word' id='word_1_642' title='bbox 1430 4813 1457 4867; x_wconf 91' lang='lat' dir='ltr'><strong>id</strong></span> <span class='ocrx_word' id='word_1_643' title='bbox 1476 4822 1519 4868; x_wconf 91' lang='lat' dir='ltr'><strong>est</strong></span> <span class='ocrx_word' id='word_1_644' title='bbox 1532 4814 1718 4880; x_wconf 85' lang='lat' dir='ltr'><strong>humatorum,</strong></span> <span class='ocrx_word' id='word_1_645' title='bbox 1734 4814 1776 4869; x_wconf 83' lang='lat' dir='ltr'><strong>rel</strong></span> <span class='ocrx_word' id='word_1_646' title='bbox 1792 4824 1969 4870; x_wconf 88' lang='lat' dir='ltr'><strong>mortuorum</strong></span> 
     </span>
    </p>
   </div>
   <div class='ocr_carea' id='block_1_4' title="bbox 334 4896 1970 4991">
    <p class='ocr_par' dir='ltr' id='par_1_5' title="bbox 334 4896 1970 4991">
     <span class='ocr_line' id='line_1_48' title="bbox 334 4896 1970 4991; baseline 0.014 -37"><span class='ocrx_word' id='word_1_647' title='bbox 334 4897 396 4954; x_wconf 82' lang='lat' dir='ltr'><strong>alba</strong></span> <span class='ocrx_word' id='word_1_648' title='bbox 408 4898 480 4954; x_wconf 87' lang='lat' dir='ltr'><strong>sicut</strong></span> <span class='ocrx_word' id='word_1_649' title='bbox 492 4898 557 4965; x_wconf 83' lang='lat' dir='ltr'><strong>nlx;</strong></span> <span class='ocrx_word' id='word_1_650' title='bbox 572 4908 629 4952; x_wconf 94' lang='lat' dir='ltr'><strong>tum</strong></span> <span class='ocrx_word' id='word_1_651' title='bbox 640 4898 705 4968; x_wconf 91' lang='lat' dir='ltr'><strong>quia</strong></span> <span class='ocrx_word' id='word_1_652' title='bbox 724 4904 787 4967; x_wconf 85' lang='lat' dir='ltr'><strong>post</strong></span> <span class='ocrx_word' id='word_1_653' title='bbox 800 4896 1031 4952; x_wconf 67' lang='lat' dir='ltr'><strong>resumclifflleffl</strong></span> <span class='ocrx_word' id='word_1_654' title='bbox 1053 4909 1126 4966; x_wconf 83' lang='lat' dir='ltr'><strong>(l¹¹⁰·</strong></span> <span class='ocrx_word' id='word_1_655' title='bbox 1176 4913 1380 4981; x_wconf 90' lang='lat' dir='ltr'><strong>dormitorium,</strong></span> <span class='ocrx_word' id='word_1_656' title='bbox 1399 4924 1427 4972; x_wconf 88' lang='lat' dir='ltr'><strong>ct</strong></span> <span class='ocrx_word' id='word_1_657' title='bbox 1443 4925 1485 4972; x_wconf 90' lang='lat' dir='ltr'><strong>est</strong></span> <span class='ocrx_word' id='word_1_658' title='bbox 1507 4918 1630 4989; x_wconf 81' lang='lat' dir='ltr'><strong>triginta,</strong></span> <span class='ocrx_word' id='word_1_659' title='bbox 1651 4919 1692 4974; x_wconf 78' lang='lat' dir='ltr'><strong>acl</strong></span> <span class='ocrx_word' id='word_1_660' title='bbox 1709 4918 1891 4991; x_wconf 71' lang='lat' dir='ltr'><strong>quadraginta</strong></span> <span class='ocrx_word' id='word_1_661' title='bbox 1905 4937 1970 4991; x_wconf 88' lang='lat' dir='ltr'><strong>pas·</strong></span> 
     </span>
    </p>
   </div>
   <div class='ocr_carea' id='block_1_5' title="bbox 334 4988 1969 5154">
    <p class='ocr_par' dir='ltr' id='par_1_6' title="bbox 334 4988 1969 5154">
     <span class='ocr_line' id='line_1_49' title="bbox 337 4988 1969 5093; baseline 0.004 -20"><span class='ocrx_word' id='word_1_662' title='bbox 337 4996 393 5060; x_wconf 52' lang='grc' dir='ltr'><strong>(Ρη</strong></span> <span class='ocrx_word' id='word_1_663' title='bbox 405 4989 522 5044; x_wconf 57' lang='lat' dir='ltr'><strong>&#39;&#39;mm&#39;&#39;</strong></span> <span class='ocrx_word' id='word_1_664' title='bbox 535 4989 679 5058; x_wconf 48' lang='grc' dir='ltr'><strong>ΨΜ*</strong></span> <span class='ocrx_word' id='word_1_665' title='bbox 702 4998 759 5043; x_wconf 66' lang='lat'>‘⁰¹¹¹</span> <span class='ocrx_word' id='word_1_666' title='bbox 784 4988 849 5058; x_wconf 52' lang='grc' dir='ltr'><strong>ΨΜ</strong></span> <span class='ocrx_word' id='word_1_667' title='bbox 868 4988 955 5059; x_wconf 60' lang='lat'><strong>²¹¹⁸⁰¹⁵</strong></span> <span class='ocrx_word' id='word_1_668' title='bbox 972 4989 1061 5092; x_wconf 51' lang='grc' dir='ltr'><strong>*ΜΨ</strong></span> <span class='ocrx_word' id='word_1_669' title='bbox 1073 5002 1124 5091; x_wconf 60' lang='lat' dir='ltr'><strong>²¹J&#39;</strong></span> <span class='ocrx_word' id='word_1_670' title='bbox 1176 5032 1269 5083; x_wconf 88' lang='lat' dir='ltr'><strong>suum,</strong></span> <span class='ocrx_word' id='word_1_671' title='bbox 1282 5015 1400 5074; x_wconf 86' lang='lat' dir='ltr'><strong>lorteob</strong></span> <span class='ocrx_word' id='word_1_672' title='bbox 1412 5018 1523 5075; x_wconf 89' lang='lat' dir='ltr'><strong>easdem</strong></span> <span class='ocrx_word' id='word_1_673' title='bbox 1544 5036 1654 5090; x_wconf 89' lang='lat' dir='ltr'><strong>causas,</strong></span> <span class='ocrx_word' id='word_1_674' title='bbox 1671 5022 1772 5093; x_wconf 90' lang='lat' dir='ltr'><strong>quibus</strong></span> <span class='ocrx_word' id='word_1_675' title='bbox 1787 5022 1859 5078; x_wconf 90' lang='lat' dir='ltr'><strong>diem</strong></span> <span class='ocrx_word' id='word_1_676' title='bbox 1877 5033 1969 5080; x_wconf 87' lang='lat' dir='ltr'><strong>tereo-</strong></span> 
     </span>
     <span class='ocr_line' id='line_1_50' title="bbox 334 5078 1123 5154; baseline -0.004 -18"><span class='ocrx_word' id='word_1_677' title='bbox 334 5091 432 5154; x_wconf 85' lang='lat' dir='ltr'><strong>parere</strong></span> <span class='ocrx_word' id='word_1_678' title='bbox 449 5080 539 5138; x_wconf 87' lang='lat' dir='ltr'><strong>vestiti</strong></span> <span class='ocrx_word' id='word_1_679' title='bbox 552 5081 584 5135; x_wconf 79' lang='lat'><strong>¹⁸.</strong></span> <span class='ocrx_word' id='word_1_680' title='bbox 600 5079 786 5151; x_wconf 78' lang='lat' dir='ltr'><strong>liespondeo:</strong></span> <span class='ocrx_word' id='word_1_681' title='bbox 802 5078 867 5138; x_wconf 83' lang='lat' dir='ltr'><strong>llaec</strong></span> <span class='ocrx_word' id='word_1_682' title='bbox 881 5080 975 5136; x_wconf 91' lang='lat' dir='ltr'><strong>omnia</strong></span> <span class='ocrx_word' id='word_1_683' title='bbox 988 5079 1068 5136; x_wconf 80' lang='lat' dir='ltr'><strong>nobis</strong></span> <span class='ocrx_word' id='word_1_684' title='bbox 1096 5095 1123 5133; x_wconf 90' lang='lat' dir='ltr'><strong>tn</strong></span> 
     </span>
    </p>
   </div>
   <div class='ocr_carea' id='block_1_6' title="bbox 333 5120 1969 5248">
    <p class='ocr_par' dir='ltr' id='par_1_7' title="bbox 333 5120 1969 5248">
     <span class='ocr_line' id='line_1_51' title="bbox 333 5120 1969 5248; baseline -0.012 -44"><span class='ocrx_word' id='word_1_685' title='bbox 333 5175 421 5248; x_wconf 53' lang='lat' dir='ltr'><strong>pm</strong></span> <span class='ocrx_word' id='word_1_686' title='bbox 436 5175 609 5245; x_wconf 48' lang='lat' dir='ltr'>mmmm,</span> <span class='ocrx_word' id='word_1_687' title='bbox 624 5174 693 5230; x_wconf 63' lang='lat' dir='ltr'>nihil</span> <span class='ocrx_word' id='word_1_688' title='bbox 706 5175 740 5230; x_wconf 66' lang='lat' dir='ltr'><strong>de</strong></span> <span class='ocrx_word' id='word_1_689' title='bbox 758 5184 835 5230; x_wconf 56' lang='lat' dir='ltr'><strong>mle</strong></span> <span class='ocrx_word' id='word_1_690' title='bbox 853 5174 897 5230; x_wconf 54' lang='lat' dir='ltr'><strong>ve!</strong></span> <span class='ocrx_word' id='word_1_691' title='bbox 912 5174 1038 5246; x_wconf 52' lang='lat' dir='ltr'><strong>corporis</strong></span> <span class='ocrx_word' id='word_1_692' title='bbox 1050 5188 1118 5244; x_wconf 46' lang='lat' dir='ltr'><strong>qua·</strong></span> <span class='ocrx_word' id='word_1_693' title='bbox 1176 5135 1285 5175; x_wconf 86' lang='lat' dir='ltr'><strong>narrum</strong></span> <span class='ocrx_word' id='word_1_694' title='bbox 1310 5128 1338 5176; x_wconf 88' lang='lat' dir='ltr'><strong>et</strong></span> <span class='ocrx_word' id='word_1_695' title='bbox 1352 5120 1600 5198; x_wconf 69' lang='lat' dir='ltr'><strong>quadragenarium</strong></span> <span class='ocrx_word' id='word_1_696' title='bbox 1623 5124 1743 5180; x_wconf 84' lang='lat' dir='ltr'><strong>dtrtmus</strong></span> <span class='ocrx_word' id='word_1_697' title='bbox 1767 5125 1969 5184; x_wconf 79' lang='lat' dir='ltr'><strong>observandos.</strong></span> 
     </span>
    </p>
   </div>
   <div class='ocr_carea' id='block_1_7' title="bbox 322 5220 1971 5526">
    <p class='ocr_par' dir='ltr' id='par_1_8' title="bbox 322 5220 1971 5526">
     <span class='ocr_line' id='line_1_52' title="bbox 335 5220 1970 5338; baseline -0.002 -51"><span class='ocrx_word' id='word_1_698' title='bbox 335 5266 410 5323; x_wconf 59' lang='lat' dir='ltr'><strong>nme</strong></span> <span class='ocrx_word' id='word_1_699' title='bbox 424 5266 629 5338; x_wconf 42' lang='lat' dir='ltr'><strong>praesumimus,</strong></span> <span class='ocrx_word' id='word_1_700' title='bbox 647 5280 710 5322; x_wconf 63' lang='lat' dir='ltr'><strong>cum</strong></span> <span class='ocrx_word' id='word_1_701' title='bbox 727 5265 845 5323; x_wconf 50' lang='lat' dir='ltr'><strong>sufficiat</strong></span> <span class='ocrx_word' id='word_1_702' title='bbox 861 5265 991 5333; x_wconf 46' lang='lat' dir='ltr'>credere,</span> <span class='ocrx_word' id='word_1_703' title='bbox 1006 5264 1080 5337; x_wconf 63' lang='lat' dir='ltr'><strong>quod</strong></span> <span class='ocrx_word' id='word_1_704' title='bbox 1097 5265 1124 5319; x_wconf 62' lang='lat' dir='ltr'><strong>in</strong></span> <span class='ocrx_word' id='word_1_705' title='bbox 1177 5220 1282 5279; x_wconf 84' lang='lat' dir='ltr'><strong>Dicitur</strong></span> <span class='ocrx_word' id='word_1_706' title='bbox 1299 5230 1326 5278; x_wconf 88' lang='lat' dir='ltr'><strong>el</strong></span> <span class='ocrx_word' id='word_1_707' title='bbox 1344 5223 1535 5297; x_wconf 78' lang='lat' dir='ltr'><strong>polyandrum,</strong></span> <span class='ocrx_word' id='word_1_708' title='bbox 1556 5227 1597 5283; x_wconf 88' lang='lat' dir='ltr'><strong>vel</strong></span> <span class='ocrx_word' id='word_1_709' title='bbox 1621 5228 1789 5299; x_wconf 86' lang='lat' dir='ltr'><strong>andropolis,</strong></span> <span class='ocrx_word' id='word_1_710' title='bbox 1805 5229 1885 5300; x_wconf 91' lang='lat' dir='ltr'><strong>quasi</strong></span> <span class='ocrx_word' id='word_1_711' title='bbox 1897 5229 1970 5285; x_wconf 87' lang='lat' dir='ltr'><strong>civi-</strong></span> 
     </span>
     <span class='ocr_line' id='line_1_53' title="bbox 322 5327 1969 5428; baseline -0.005 -16"><span class='ocrx_word' id='word_1_712' title='bbox 322 5361 472 5418; x_wconf 81' lang='lat' dir='ltr'><strong>salvandis</strong></span> <span class='ocrx_word' id='word_1_713' title='bbox 491 5375 545 5416; x_wconf 92' lang='lat' dir='ltr'><strong>uon</strong></span> <span class='ocrx_word' id='word_1_714' title='bbox 567 5361 620 5416; x_wconf 89' lang='lat' dir='ltr'><strong>erit</strong></span> <span class='ocrx_word' id='word_1_715' title='bbox 639 5360 794 5428; x_wconf 91' lang='lat' dir='ltr'><strong>inllrmitas,</strong></span> <span class='ocrx_word' id='word_1_716' title='bbox 811 5375 864 5417; x_wconf 89' lang='lat' dir='ltr'><strong>trec</strong></span> <span class='ocrx_word' id='word_1_717' title='bbox 881 5361 935 5415; x_wconf 93' lang='lat' dir='ltr'><strong>ulla</strong></span> <span class='ocrx_word' id='word_1_718' title='bbox 953 5357 1125 5415; x_wconf 75' lang='lat' dir='ltr'><strong>deformitas.</strong></span> <span class='ocrx_word' id='word_1_719' title='bbox 1176 5333 1219 5380; x_wconf 67' lang='lat'><strong>¹³⁵</strong></span> <span class='ocrx_word' id='word_1_720' title='bbox 1234 5327 1399 5394; x_wconf 45' lang='lat' dir='ltr'><strong>mmm*</strong></span> <span class='ocrx_word' id='word_1_721' title='bbox 1416 5327 1495 5397; x_wconf 51' lang='grc' dir='ltr'><strong>Μὴ·</strong></span> <span class='ocrx_word' id='word_1_722' title='bbox 1517 5328 1591 5401; x_wconf 67' lang='lat'><strong>(¹⁰⁰⁶</strong></span> <span class='ocrx_word' id='word_1_723' title='bbox 1615 5337 1658 5384; x_wconf 60' lang='lat'><strong>0⁵²</strong></span> <span class='ocrx_word' id='word_1_724' title='bbox 1682 5331 1786 5398; x_wconf 54' lang='lat' dir='ltr'><em>“ma‘’</em></span> <span class='ocrx_word' id='word_1_725' title='bbox 1808 5339 1836 5385; x_wconf 57' lang='grc' dir='ltr'><strong>θ*</strong></span> <span class='ocrx_word' id='word_1_726' title='bbox 1856 5329 1969 5398; x_wconf 61' lang='lat' dir='ltr'><strong>mm·</strong></span> 
     </span>
     <span class='ocr_line' id='line_1_54' title="bbox 336 5427 1971 5526; baseline -0.009 -17"><span class='ocrx_word' id='word_1_727' title='bbox 336 5451 553 5526; x_wconf 72' lang='lat' dir='ltr'><strong>Erindecorpus</strong></span> <span class='ocrx_word' id='word_1_728' title='bbox 578 5453 737 5510; x_wconf 85' lang='lat' dir='ltr'><strong>revestitum</strong></span> <span class='ocrx_word' id='word_1_729' title='bbox 759 5453 786 5508; x_wconf 91' lang='lat' dir='ltr'><strong>iu</strong></span> <span class='ocrx_word' id='word_1_730' title='bbox 810 5452 910 5510; x_wconf 78' lang='lat' dir='ltr'><strong>feretro</strong></span> <span class='ocrx_word' id='word_1_731' title='bbox 932 5453 965 5509; x_wconf 89' lang='lat' dir='ltr'><strong>ad</strong></span> <span class='ocrx_word' id='word_1_732' title='bbox 979 5452 1125 5508; x_wconf 85' lang='lat' dir='ltr'><strong>ecclesiam</strong></span> <span class='ocrx_word' id='word_1_733' title='bbox 1177 5427 1250 5497; x_wconf 58' lang='grc' dir='ltr'><strong>ΨΜ</strong></span> <span class='ocrx_word' id='word_1_734' title='bbox 1276 5438 1319 5486; x_wconf 72' lang='lat'><strong>0⁵¹</strong></span> <span class='ocrx_word' id='word_1_735' title='bbox 1332 5432 1381 5485; x_wconf 61' lang='lat' dir='ltr'><strong>ili·</strong></span> <span class='ocrx_word' id='word_1_736' title='bbox 1395 5427 1501 5488; x_wconf 65' lang='lat' dir='ltr'><strong>ffisslffl‘</strong></span> <span class='ocrx_word' id='word_1_737' title='bbox 1519 5440 1547 5486; x_wconf 70' lang='lat'><strong>0¹</strong></span> <span class='ocrx_word' id='word_1_738' title='bbox 1569 5431 1726 5502; x_wconf 62' lang='lat' dir='ltr'><strong>Sepulcrum</strong></span> <span class='ocrx_word' id='word_1_739' title='bbox 1747 5433 1811 5503; x_wconf 66' lang='lat' dir='ltr'><strong>‘luia</strong></span> <span class='ocrx_word' id='word_1_740' title='bbox 1831 5433 1900 5489; x_wconf 76' lang='lat' dir='ltr'><strong>inibi</strong></span> <span class='ocrx_word' id='word_1_741' title='bbox 1924 5449 1971 5491; x_wconf 74' lang='lat' dir='ltr'><strong>se·</strong></span> 
     </span>
    </p>
   </div>
   <div class='ocr_carea' id='block_1_8' title="bbox 233 5531 1971 5618">
    <p class='ocr_par' dir='ltr' id='par_1_9' title="bbox 233 5531 1971 5618">
     <span class='ocr_line' id='line_1_55' title="bbox 233 5531 1971 5618; baseline 0.002 -17"><span class='ocrx_word' id='word_1_742' title='bbox 233 5540 235 5543; x_wconf 72' lang='grc'><strong>’</strong></span> <span class='ocrx_word' id='word_1_743' title='bbox 335 5546 504 5618; x_wconf 84' lang='lat' dir='ltr'><strong>deportetur,</strong></span> <span class='ocrx_word' id='word_1_744' title='bbox 525 5557 624 5603; x_wconf 87' lang='lat' dir='ltr'><strong>etcum</strong></span> <span class='ocrx_word' id='word_1_745' title='bbox 638 5546 721 5602; x_wconf 89' lang='lat' dir='ltr'><strong>missa</strong></span> <span class='ocrx_word' id='word_1_746' title='bbox 737 5545 873 5601; x_wconf 89' lang='lat' dir='ltr'><strong>celebrata</strong></span> <span class='ocrx_word' id='word_1_747' title='bbox 883 5544 975 5608; x_wconf 89' lang='lat' dir='ltr'><strong>luerit,</strong></span> <span class='ocrx_word' id='word_1_748' title='bbox 985 5552 1126 5616; x_wconf 87' lang='lat' dir='ltr'><strong>percantet</strong></span> <span class='ocrx_word' id='word_1_749' title='bbox 1178 5531 1247 5600; x_wconf 90' lang='lat' dir='ltr'><strong>pulti</strong></span> <span class='ocrx_word' id='word_1_750' title='bbox 1262 5539 1328 5587; x_wconf 67' lang='lat'><strong>⁸⁰⁰²</strong></span> <span class='ocrx_word' id='word_1_751' title='bbox 1342 5534 1402 5589; x_wconf 90' lang='lat' dir='ltr'><strong>sine</strong></span> <span class='ocrx_word' id='word_1_752' title='bbox 1417 5535 1510 5605; x_wconf 67' lang='lat' dir='ltr'><strong>pulsu·</strong></span> <span class='ocrx_word' id='word_1_753' title='bbox 1523 5534 1629 5590; x_wconf 68' lang='lat' dir='ltr'><strong>⁰5⁰in</strong></span> <span class='ocrx_word' id='word_1_754' title='bbox 1643 5545 1670 5592; x_wconf 74' lang='lat'><strong>0¹</strong></span> <span class='ocrx_word' id='word_1_755' title='bbox 1683 5538 1874 5604; x_wconf 70' lang='lat' dir='ltr'><strong>ffl²⁰⁵⁰lffl¹l¹3</strong></span> <span class='ocrx_word' id='word_1_756' title='bbox 1891 5536 1971 5592; x_wconf 56' lang='lat' dir='ltr'><strong>Mill·</strong></span> 
     </span>
    </p>
   </div>
   <div class='ocr_carea' id='block_1_9' title="bbox 334 5634 1971 5807">
    <p class='ocr_par' dir='ltr' id='par_1_10' title="bbox 334 5634 1971 5807">
     <span class='ocr_line' id='line_1_56' title="bbox 334 5634 1971 5712; baseline 0.003 -22"><span class='ocrx_word' id='word_1_757' title='bbox 334 5651 398 5691; x_wconf 86' lang='lat' dir='ltr'><strong>uum</strong></span> <span class='ocrx_word' id='word_1_758' title='bbox 417 5638 566 5706; x_wconf 88' lang='lat' dir='ltr'><strong>sacerdos,</strong></span> <span class='ocrx_word' id='word_1_759' title='bbox 594 5646 622 5695; x_wconf 88' lang='lat' dir='ltr'><strong>et</strong></span> <span class='ocrx_word' id='word_1_760' title='bbox 648 5638 671 5694; x_wconf 92' lang='lat' dir='ltr'><strong>si</strong></span> <span class='ocrx_word' id='word_1_761' title='bbox 696 5638 789 5709; x_wconf 88' lang='lat' dir='ltr'><strong>plures</strong></span> <span class='ocrx_word' id='word_1_762' title='bbox 819 5636 920 5692; x_wconf 91' lang='lat' dir='ltr'><strong>luerint</strong></span> <span class='ocrx_word' id='word_1_763' title='bbox 948 5635 1124 5701; x_wconf 88' lang='lat' dir='ltr'><strong>sacerdotes,</strong></span> <span class='ocrx_word' id='word_1_764' title='bbox 1179 5634 1255 5690; x_wconf 87' lang='lat' dir='ltr'><strong>solus</strong></span> <span class='ocrx_word' id='word_1_765' title='bbox 1270 5634 1323 5690; x_wconf 90' lang='lat' dir='ltr'><strong>luit</strong></span> <span class='ocrx_word' id='word_1_766' title='bbox 1336 5637 1379 5690; x_wconf 84' lang='lat' dir='ltr'><strong>vir</strong></span> <span class='ocrx_word' id='word_1_767' title='bbox 1391 5636 1514 5708; x_wconf 91' lang='lat' dir='ltr'><strong>quidam,</strong></span> <span class='ocrx_word' id='word_1_768' title='bbox 1529 5638 1574 5693; x_wconf 90' lang='lat' dir='ltr'><strong>cui</strong></span> <span class='ocrx_word' id='word_1_769' title='bbox 1589 5638 1720 5696; x_wconf 91' lang='lat' dir='ltr'><strong>deiuncto</strong></span> <span class='ocrx_word' id='word_1_770' title='bbox 1741 5640 1807 5697; x_wconf 85' lang='lat' dir='ltr'><strong>lecit</strong></span> <span class='ocrx_word' id='word_1_771' title='bbox 1822 5657 1893 5696; x_wconf 84' lang='lat' dir='ltr'><strong>uxor</strong></span> <span class='ocrx_word' id='word_1_772' title='bbox 1909 5642 1971 5712; x_wconf 78' lang='lat' dir='ltr'><strong>qlo-</strong></span> 
     </span>
     <span class='ocr_line' id='line_1_57' title="bbox 334 5728 1970 5807; baseline 0.007 -23"><span class='ocrx_word' id='word_1_773' title='bbox 334 5742 431 5785; x_wconf 89' lang='lat' dir='ltr'><strong>utttnes</strong></span> <span class='ocrx_word' id='word_1_774' title='bbox 446 5731 565 5786; x_wconf 87' lang='lat' dir='ltr'><strong>babeant</strong></span> <span class='ocrx_word' id='word_1_775' title='bbox 581 5732 677 5798; x_wconf 89' lang='lat' dir='ltr'><strong>stolas,</strong></span> <span class='ocrx_word' id='word_1_776' title='bbox 697 5740 725 5787; x_wconf 90' lang='lat' dir='ltr'><strong>et</strong></span> <span class='ocrx_word' id='word_1_777' title='bbox 741 5731 835 5787; x_wconf 89' lang='lat' dir='ltr'><strong>dicant</strong></span> <span class='ocrx_word' id='word_1_778' title='bbox 849 5732 989 5788; x_wconf 88' lang='lat' dir='ltr'><strong>orationes</strong></span> <span class='ocrx_word' id='word_1_779' title='bbox 1003 5745 1066 5784; x_wconf 92' lang='lat' dir='ltr'><strong>curn</strong></span> <span class='ocrx_word' id='word_1_780' title='bbox 1079 5728 1126 5783; x_wconf 91' lang='lat' dir='ltr'><strong>illo</strong></span> <span class='ocrx_word' id='word_1_781' title='bbox 1180 5731 1282 5787; x_wconf 86' lang='lat' dir='ltr'><strong>riosam</strong></span> <span class='ocrx_word' id='word_1_782' title='bbox 1298 5735 1478 5807; x_wconf 88' lang='lat' dir='ltr'><strong>sepulturam,</strong></span> <span class='ocrx_word' id='word_1_783' title='bbox 1493 5750 1576 5806; x_wconf 90' lang='lat' dir='ltr'><strong>quam</strong></span> <span class='ocrx_word' id='word_1_784' title='bbox 1592 5740 1762 5798; x_wconf 89' lang='lat' dir='ltr'><strong>mausoleum</strong></span> <span class='ocrx_word' id='word_1_785' title='bbox 1777 5757 1792 5798; x_wconf 96' lang='lat' dir='ltr'><strong>a</strong></span> <span class='ocrx_word' id='word_1_786' title='bbox 1807 5742 1868 5799; x_wconf 86' lang='lat' dir='ltr'><strong>viro</strong></span> <span class='ocrx_word' id='word_1_787' title='bbox 1879 5739 1970 5797; x_wconf 84' lang='lat' dir='ltr'><strong>uumi·</strong></span> 
     </span>
    </p>
   </div>
   <div class='ocr_carea' id='block_1_10' title="bbox 389 5949 1557 6036">
    <p class='ocr_par' dir='ltr' id='par_1_11' title="bbox 389 5949 1557 6036">
     <span class='ocr_line' id='line_1_58' title="bbox 389 5949 1557 6036; baseline 0.015 -35"><span class='ocrx_word' id='word_1_788' title='bbox 389 5949 557 6008; x_wconf 60' lang='lat' dir='ltr'><strong>Mene.</strong></span> <span class='ocrx_word' id='word_1_789' title='bbox 596 5951 619 5984; x_wconf 77' lang='lat'><strong>‘⁸</strong></span> <span class='ocrx_word' id='word_1_790' title='bbox 637 5950 706 6008; x_wconf 87' lang='lat' dir='ltr'><strong>ibid.</strong></span> <span class='ocrx_word' id='word_1_791' title='bbox 742 5949 890 6009; x_wconf 62' lang='lat' dir='ltr'><strong>”Gom</strong></span> <span class='ocrx_word' id='word_1_792' title='bbox 929 5949 1108 6036; x_wconf 58' lang='lat' dir='ltr'><strong>l⁸Joan.2b.</strong></span> <span class='ocrx_word' id='word_1_793' title='bbox 1139 5950 1344 6036; x_wconf 9' lang='lat' dir='ltr'><strong>*¹&#39;blallir.li.</strong></span> <span class='ocrx_word' id='word_1_794' title='bbox 1383 5955 1557 6017; x_wconf 66' lang='lat' dir='ltr'><strong>”turum</strong></span> 
     </span>
    </p>
   </div>
   <div class='ocr_carea' id='block_1_11' title="bbox 0 0 2180 6709">
    <p class='ocr_par' dir='ltr' id='par_1_12' title="bbox 0 0 2180 6709">
     <span class='ocr_line' id='line_1_59' title="bbox 0 0 2180 6709; baseline 0 0"><span class='ocrx_word' id='word_1_795' title='bbox 0 0 2180 6709; x_wconf 95' lang='lat' dir='ltr'><strong> </strong></span> 
     </span>
    </p>
   </div>
  </div>
 </body>
</html>
