4350 6709
357 545 409 602 sus
885 478 1454 585 sicunut'cnsuouuustsartscort
1913 513 1972 573 vos

355 657 444 712 dixit:
460 673 470 709 s
486 653 525 709 lle
535 651 628 706 lructu
646 646 747 702 velitris
759 645 799 700 tui
820 661 921 716 portatu
942 659 1025 715 super
1044 640 1136 696 sedem
1151 647 1175 706 Α
1190 638 1213 694 si
1229 639 1312 694 luerit
1325 637 1352 693 ln
1364 650 1510 709 progressu
1530 645 1645 705 operam
1667 639 1790 689 removete
1796 643 1806 698 ‚¹
1819 627 1905 688 nolite
1927 649 1973 688 re-

354 753 430 799 tuam
443 742 502 795 ἰ.»
1192 733 1315 802 linquere
1332 731 1448 802 lapidem
1460 742 1542 799 super
1560 726 1676 798 lapidem
1690 724 1732 792 ”3
1753 725 1817 795 qaia
1841 722 1972 779 ὓεειίεεε

388 832 471 887 llaria
484 830 562 895 dixit,
573 837 653 899 putas
665 845 672 882 z
692 824 786 893 Qualis
802 836 844 881 εει
856 822 908 879 ista
922 823 1066 880 salutatio?
1076 820 1140 893 quia
1191 832 1279 876 noster
1291 823 1373 876 ueniet
1384 836 1443 875 cant
1458 819 1554 884 salute,
1564 830 1649 889 quare
1663 835 1673 868 t
1687 815 1758 887 spite
1771 815 1972 886 poenitentiam.

353 923 513 977 conturbata
533 929 575 977 est
599 920 690 974 anima
714 933 791 983 mea,
805 922 833 972 et
856 918 920 986 quia
941 915 1063 985 paritura
1079 929 1140 969 sum
1191 910 1417 982 appropinquabit
1428 908 1500 964 enim
1516 922 1629 979 regnum
1643 905 1775 962 coelorum
1791 903 1825 958 ⁸⁸.
1846 921 1856 956 s

353 1011 466 1082 Regem,
480 1011 526 1081 qui
538 1012 688 1066 claustrum
703 1006 865 1077 virginitatis
880 1020 1008 1060 memnon
1020 1005 1140 1060 violabit.
1207 1065 1211 1076 Ι
1226 1001 1363 1072 Aspiciam
1375 1016 1391 1054 a
1401 1000 1487 1070 torpe,
1498 1015 1556 1054 εεεε
1567 999 1641 1052 uideo
1653 997 1701 1051 Dei
1712 995 1856 1066 potentiam
1869 996 1968 1049 oenirn·

352 1100 391 1155 be
405 1100 477 1155 Luca
497 1099 615 1154 sumitur
625 1098 711 1153 beata
722 1095 813 1150 llariae
828 1092 981 1163 responsio,
992 1108 1054 1162 qtvae
1066 1106 1142 1147 more
1192 1103 1258 1160 tem,
1271 1102 1295 1147 ει
1308 1091 1431 1147 ueletiam
1454 1099 1536 1146 totam
1557 1099 1656 1144 terram
1676 1097 1816 1160 tepentem.
1830 1096 1883 1143 ειε.
1903 1085 1972 1142 lllud

351 1190 467 1262 virginis
481 1191 515 1245 de
530 1198 641 1259 aspectu
655 1187 726 1241 virili
740 1194 767 1241 et
782 1200 857 1240 more
873 1185 999 1239 humanae
1011 1182 1142 1252 tragilita-
1191 1182 1394 1253 responsorium
1405 1195 1460 1236 non
1472 1189 1516 1237 est
1534 1178 1746 1250 Gregorianum‚
1761 1178 1807 1235 sed
1822 1178 1971 1247 aquodam

354 1283 390 1338 tis
404 1282 437 1336 de
452 1281 574 1349 aupelica
600 1279 723 1344 visione,
741 1284 768 1332 et
790 1277 823 1330 de
846 1276 954 1330 insolita
975 1274 1142 1330 salutatione
1191 1272 1388 1329 monacboluit
1417 1273 1569 1342 appositum
1594 1279 1625 1326 et
1650 1270 1835 1341 compilatum.
1867 1268 1971 1324 Caetera

353 1375 491 1437 turbatur,
500 1380 527 1426 et
537 1372 649 1426 denovo
661 1367 831 1438 conscipiendi
843 1365 925 1421 modo
936 1366 1061 1429 miratur,
1071 1364 1142 1419 unde
1191 1371 1256 1418 stunt
1279 1377 1294 1417 a
1314 1361 1445 1434 Gregorio
1468 1361 1715 1433 romulam-unde
1736 1375 1790 1416 non
1813 1359 1893 1415 dubet
1906 1358 1972 1414 illud

354 1467 448 1524 subdit
457 1464 631 1537 :imnumodo
643 1463 670 1516 in
684 1477 727 1516 me
736 1458 880 1517 lictistndl
892 1477 902 1511 s
915 1457 1001 1515 «Ecce
1010 1457 1141 1512 Dominus
1192 1453 1243 1509 ista
1254 1454 1422 1525 precedere,
1441 1453 1493 1510 uisi
1507 1463 1611 1509 tantum
1627 1452 1787 1510 invaluisset
1799 1468 1866 1509 usus
1880 1451 1973 1508 Eccle-

353 1559 453 1625 veniet‚
463 1572 543 1628 quem
553 1554 675 1610 loannes
687 1553 843 1624 predicavit
853 1559 1067 1607 ventarumesse
1078 1563 1141 1604 cum
1191 1546 1248 1602 siae.
1272 1545 1404 1602 Cantetur
1421 1555 1511 1602 autem
1526 1546 1579 1601 boc
1592 1544 1796 1615 responsorium
1811 1546 1839 1599 iu
1852 1559 1971 1614 persona

353 1651 456 1721 gloria:
469 1667 478 1700 s
489 1649 542 1703 boc
557 1647 673 1703 sumitur
687 1646 720 1701 de
733 1644 874 1711 llattbae03
886 1644 923 1699 ait
935 1644 1008 1699 enim
1019 1640 1142 1697 loannes
1190 1634 1303 1692 loannis
1315 1635 1455 1708 Baptistae,
1470 1635 1512 1691 vel
1531 1650 1638 1706 sponsae
1658 1634 1795 1690 dicentis<
1809 1633 1972 1704 Aspicienxa

249 1761 259 1785 ο
309 1782 318 1800 ε
354 1739 611 1806 decbristo‚sicut
629 1737 927 1809 legiturtublaubaeo:
945 1755 955 1788 ‹
974 1734 1142 1790 Fortiorme
1191 1727 1578 1799 loupe‚aterravideltcetad
1594 1727 1705 1793 coelums
1725 1725 1799 1780 ordeo
1819 1723 1974 1793 deiparen-

354 1837 406 1896 εει,
422 1831 469 1899 quui
484 1839 547 1900 pust
561 1844 604 1885 me
617 1837 749 1885 venturus
765 1837 807 1882 est
817 1828 860 1880 ἐ
880 1825 1040 1880 »Christum
1053 1824 1140 1888 enirn,
1192 1821 1257 1875 tium
1278 1822 1428 1876 uenientem.
1441 1819 1519 1876 Licet
1530 1820 1638 1891 proprie
1657 1817 1731 1874 Patri
1746 1816 1882 1891 potentia,
1902 1815 1922 1870 F
1926 1816 1971 1872 ilio

355 1919 488 1989 licetjam
513 1919 633 1975 venisset
654 1918 681 1973 in
699 1916 848 1981 muudum,
869 1925 962 1972 minen
987 1913 1142 1985 predicavit
1192 1912 1339 1981 sapientia,
1366 1910 1480 1982 Spiritui
1505 1920 1599 1967 sancto
1626 1909 1779 1981 benignitas
1798 1908 1970 1982 assignetur.

354 2023 415 2064 esse
426 2018 570 2064 veniturum
581 2026 588 2076 ;
600 2009 664 2080 quia
677 2016 808 2063 venturus
822 2016 879 2061 erat
891 2006 924 2061 ad
937 2005 1142 2077 predicandum
1157 1983 1178 2039 Β
1193 2002 1238 2058 hie
1251 2012 1341 2059 tamen
1354 2003 1502 2074 potentiam
1513 2002 1605 2073 accipe
1615 2000 1716 2058 Filium
1731 2000 1789 2069 Uei,
1803 2001 1847 2057 cui
1876 2018 1886 2053 t
1904 1999 1971 2056 Uala

355 2107 384 2154 ει
400 2101 611 2169 baptizandum
629 2101 701 2155 undo
714 2100 838 2169 sequitur
852 2116 858 2152 :
877 2116 887 2149 ε
902 2096 949 2152 lile
961 2114 1009 2152 vos
1022 2097 1143 2166 baptiza·
1192 2102 1234 2150 est
1244 2102 1363 2164 potestas
1372 2093 1398 2148 in
1410 2094 1480 2150 coelo
1493 2102 1521 2150 et
1537 2093 1565 2148 in
1579 2105 1650 2149 tersa
1662 2093 1701 2160 ”a
1719 2092 1787 2163 iqui
1801 2102 1843 2150 est
1855 2110 1865 2146 s
1881 2091 1973 2148 Uomi·

356 2190 395 2245 bit
407 2189 508 2261 Spiritu
526 2202 630 2256 sancto,
643 2200 669 2245 ει
680 2192 741 2262 igne
753 2191 786 2257 ¹⁰3
803 2209 812 2242 x
831 2189 933 2260 Spiritu
948 2188 1142 2245 sanctificatio·
1191 2202 1244 2243 nus
1256 2195 1353 2258 polens
1372 2186 1401 2242 iu
1421 2186 1514 2256 praelio
1527 2187 1560 2241 ⁸⁹.
1580 2205 1590 2239 s
1605 2185 1656 2242 Cui
1679 2185 1830 2256 propbeta:
1849 2201 1860 2238 t
1873 2185 1973 2242 Accitu-

357 2278 399 2333 nis
414 2280 441 2333 in
455 2280 599 2349 praesenti,
620 2280 681 2349 igne
698 2279 866 2350 purgationis
881 2278 908 2333 iu
923 2277 1025 2333 iuturo.
1040 2274 1142 2332 Ventu-
1192 2293 1254 2348 gere
1268 2279 1358 2350 gladio
1374 2286 1421 2334 luo
1432 2293 1513 2350 super
1526 2278 1615 2334 lemur
1626 2287 1715 2342 tuum,
1725 2275 1969 2348 potentissime⁸¹.›

355 2383 404 2426 ras
416 2372 496 2426 etiarn
507 2381 637 2427 eratcum
653 2370 874 2441 ploria'denique
895 2371 927 2425 ad
947 2369 1140 2440 judicandam
1191 2369 1241 2426 llic
1256 2371 1337 2437 veuit,
1353 2371 1417 2427 dum
1431 2387 1460 2428 se
1473 2371 1607 2427 visibilem
1621 2371 1827 2427 demonstravit.
1841 2369 1876 2424 Et
1892 2370 1971 2426 vebu-

356 2461 419 2530 quia
434 2479 443 2513 r
462 2460 541 2517 Pater
554 2477 634 2517 omne
647 2461 782 2533 judicium
803 2461 877 2517 dedit
900 2459 970 2517 litio
984 2461 1016 2516 ⁸¹.
1035 2480 1045 2514 s
1064 2459 1141 2517 Unde
1191 2465 1245 2517 lane
1258 2473 1341 2518 totam
1356 2474 1454 2518 terrum
1469 2474 1613 2534 tepentem:
1627 2463 1685 2518 brec
1699 2464 1797 2519 nebula
1811 2471 1853 2520 est
1863 2463 1970 2519 miseri·

359 2553 460 2621 «cujus
474 2553 652 2608 ventilabrum
663 2555 691 2609 in
705 2570 787 2609 manu
796 2554 856 2624 ejus
863 2553 912 2620 ⁸⁰‚s
920 2554 949 2608 id
960 2553 1140 2622 retitudieinm
1189 2554 1283 2611 cordia
1303 2554 1361 2621 Dei,
1378 2570 1438 2626 quae
1452 2562 1563 2623 praestat
1581 2553 1754 2624 refrigerium
1767 2564 1862 2611 contra
1875 2565 1971 2610 aestum

356 2645 384 2700 iu
397 2656 555 2716 potestatem
568 2687 576 2714 ‚
591 2645 736 2702 donuinam
762 2645 930 2701 Salvatorera
948 2657 1073 2700 nostrum
1095 2661 1142 2700 ex·
1191 2650 1330 2703 vitiorum.
1351 2645 1426 2702 lianc
1442 2644 1549 2717 llovses
1566 2645 1677 2701 intravit
1686 2661 1749 2702 cum
1770 2644 1805 2701 ad
1819 2646 1972 2716 suscipien·

356 2750 520 2807 spectamus,
533 2739 580 2808 qui
591 2739 637 2792 dat
652 2740 765 2793 salutem
778 2737 887 2808 corpori
903 2746 997 2791 nostro
1009 2738 1143 2791 utconllr·
1191 2741 1253 2796 dam
1265 2740 1351 2810 legem
1371 2737 1494 2794 ascendit
1508 2738 1542 2791 ⁸⁸.
1560 2735 1635 2793 lianc
1646 2735 1743 2792 Petrus
1756 2736 1897 2802 irdellexit,
1906 2752 1970 2793 cunr

357 2831 454 2885 matio
472 2832 550 2886 nobis
566 2831 717 2886 claritatem
733 2847 823 2886 snam.
839 2831 901 2886 llaec
911 2831 977 2885 dicit
994 2830 1142 2902 Apostolus
1191 2834 1219 2891 in
1233 2833 1306 2889 nube
1323 2833 1414 2888 lucida
1435 2833 1530 2888 videns
1545 2832 1706 2901 bominum,
1722 2831 1831 2904 Moysen
1845 2842 1872 2887 et
1884 2830 1970 2887 Ellam

356 2919 379 2973 ⁸.¹
391 2920 426 2975 ad
447 2920 634 2991 Philippenses
655 2922 682 2977 in
704 2937 822 2992 persona
837 2921 948 2976 Patrum
966 2923 1140 2992 antiquorum
1191 2925 1279 2980 dixit:
1296 2942 1306 2976 t
1322 2923 1467 2980 Faciamus
1488 2924 1534 2980 bic
1557 2924 1608 2979 tria
1634 2923 1807 2979 tabernacula
1823 2923 1855 2978 ¹³.
1881 2922 1972 2979 illaec

356 3017 384 3064 et
401 3010 604 3065 modernorum.
619 3010 817 3081 Exspectavere
830 3013 903 3071 enim
920 3011 1014 3069 Patres
1036 3015 1141 3086 antiqui
1189 3023 1253 3086 post
1269 3014 1465 3071 dedicationem
1490 3015 1518 3070 in
1544 3015 1644 3086 templo
1657 3015 1784 3086 apparuit
1796 3013 1828 3068 ⁸⁸.
1845 3012 1908 3070 llaec
1920 3029 1972 3084 po-

356 3099 483 3156 llcssiam
505 3103 539 3156 ad
560 3102 767 3171 redimendum,
783 3115 973 3175 exspectamus
995 3113 1023 3162 et
1041 3109 1140 3166 nosad
1188 3108 1284 3178 pulum
1301 3107 1329 3162 in
1342 3107 1480 3163 desertum
1503 3106 1615 3163 deduxit
1629 3113 1656 3162 ct
1671 3107 1706 3161 ab
1721 3107 1783 3177 igue
1801 3105 1919 3176 protexit
1936 3105 1971 3160 ⁸⁸.

357 3193 533 3250 'iudicandum
543 3234 551 3260 ,
563 3204 590 3250 ει
603 3197 709 3268 utrique
732 3197 765 3252 ad
789 3197 959 3253 salvandani.
975 3197 1014 3253 llli
1027 3199 1063 3254 ad
1078 3199 1141 3256 ani·
1191 3199 1255 3256 llaec
1267 3209 1309 3256 est
1328 3200 1416 3255 virtus
1435 3198 1587 3265 artissimi,
1602 3213 1662 3268 quae
1679 3197 1783 3270 Virgini
1799 3197 1974 3253 obumbravit

357 3300 464 3339 marum
477 3286 602 3354 salutem,
618 3302 669 3343 nos
682 3287 716 3343 ad
728 3304 875 3360 corporum
887 3289 1041 3346 sanitatem.
1059 3289 1174 3382 Salusc
1191 3291 1225 3357 '⁸;
1251 3305 1312 3361 quac
1335 3299 1419 3346 totam
1443 3297 1542 3344 terram
1567 3290 1646 3359 tegit3
1660 3289 1725 3359 quia
1751 3305 1761 3340 t
1786 3286 1974 3343 misericordia

356 3380 465 3448 proprie
477 3390 519 3435 est
529 3381 768 3448 ariinrae;sanitas‚
780 3382 914 3452 corporis.
926 3380 1004 3438 Nunc
1017 3392 1060 3439 est
1070 3393 1139 3439 tem·
1191 3383 1297 3441 [laminii
1311 3383 1390 3454 plena
1414 3392 1456 3438 εει
1481 3382 1603 3448 ιεεεε“;
1625 3399 1636 3435 ε
1661 3380 1724 3451 quia
1751 3398 1761 3434 v
1789 3379 1873 3436 solem
1891 3394 1973 3434 saum

358 3487 409 3542 pus
423 3473 534 3538 salutis,
547 3473 618 3543 quod
639 3473 743 3543 antiqui
758 3482 957 3543 exspectavere.
980 3472 1057 3529 Unde
1068 3475 1140 3546 Apo·
1190 3474 1256 3530 oriri
1279 3474 1344 3530 lacit
1358 3474 1542 3544 superbonus
1556 3472 1683 3528 etmalos
1697 3473 1730 3528 ⁸⁸.
1751 3491 1761 3524 s
1780 3469 1828 3527 Vel
1844 3471 1973 3526 nebulam

357 3564 465 3619 stolus:
483 3582 491 3615 c
506 3562 576 3618 Ecce
596 3579 668 3618 nrrrrc
679 3563 737 3619 dies
752 3562 848 3618 salutis
858 3561 890 3616 ⁸2.
913 3581 923 3615 s
938 3562 967 3618 ln
984 3563 1076 3620 luturo
1088 3565 1141 3619 erit
1189 3567 1256 3622 dicit
1278 3566 1463 3622 infidelitatem
1477 3574 1523 3620 aut
1536 3565 1727 3635 ignorantiam
1741 3563 1883 3636 ignorabat
1899 3561 1973 3619 euius

356 3655 690 3726 mmprsssatiitatisquod
704 3670 753 3711 nos
764 3664 953 3725 exspectamus
964 3655 1075 3726 quando
1088 3654 1141 3709 boe
1190 3660 1273 3715 bomo
1288 3658 1391 3725 boum,
1405 3673 1434 3713 se
1447 3658 1556 3728 ipsum,
1573 3656 1663 3712 natale
1677 3656 1785 3720 solum.
1804 3664 1832 3711 ct
1844 3656 1975 3726 concupi-

357 3748 473 3803 mortale
497 3748 590 3802 induet
616 3749 865 3814 immortalitatem,
889 3748 941 3803 lucc
966 3748 1141 3817 corruptibile
1190 3756 1321 3810 scentiam
1336 3765 1396 3806 esse
1408 3758 1562 3821 peecatum.
1581 3748 1644 3805 ilaec
1654 3748 1752 3804 nebula
1774 3756 1856 3803 totam
1872 3758 1974 3804 terram

357 3838 588 3907 incvrfflblifflissffl
608 3837 642 3893 ⁸¹·
667 3836 782 3904 Ovandi)
805 3836 928 3892 Saliam!
949 3847 1041 3893 ”lister
1053 3836 1141 3894 relor·
1192 3846 1313 3916 regebam
1329 3844 1417 3914 quia«
1437 3857 1532 3897 omnes
1543 3841 1758 3910 declinaverunt,
1772 3841 1854 3898 simul
1867 3842 1975 3897 inutiles

357 3928 444 3982 mabit
455 3942 555 3997 corpus
569 3928 733 3983 humilitatis
749 3937 850 3983 nostrae
864 3929 1063 4000 conliguratum
1080 3946 1140 3986 cor·
1192 3937 1255 3993 lacui
1276 3934 1383 3998 sunm,
1406 3951 1416 3985 s
1433 3940 1484 3986 el«
1504 3948 1520 3986 a
1535 3933 1625 4001 planta
1641 3931 1717 4003 pedis
1734 3948 1821 4002 usquc
1840 3933 1875 3988 ad
1897 3934 1977 3988 verti-

356 4019 418 4089 pori
429 4019 562 4075 claritatis
578 4035 634 4075 suae
648 4019 681 4074 ⁸⁸.
695 4017 846 4089 Utrumque
859 4029 948 4075 tamen
965 4035 1014 4092 pro
1026 4029 1142 4092 utroque
1191 4045 1261 4095 cern,
1278 4044 1331 4083 non
1346 4035 1406 4083 erat
1420 4026 1448 4082 in
1459 4027 1499 4082 eis
1511 4026 1615 4082 sanitas
1630 4026 1664 4084 ⁸⁰.
1681 4045 1692 4078 s

356 4110 478 4181 ponitur.
494 4108 591 4165 Unde:
605 4111 653 4181 qui
676 4111 723 4165 dat
746 4110 861 4166 saluum
883 4102 992 4181 corpori
1009 4122 1104 4169 nostro
1115 4124 1142 4170 et
1227 4119 1426 4183 lteoiuiomei.
1440 4119 1573 4174 etdicite:
1589 4116 1692 4172 Nuntia
1708 4118 1781 4171 nobis
1793 4118 1816 4171 si
1835 4127 1864 4171 tu
1881 4133 1907 4171 es
1922 4119 1976 4186 ipse

357 4201 502 4257 coridrmat
524 4202 550 4256 in
574 4202 653 4258 nobis
668 4203 820 4260 claritatem
837 4219 926 4260 suam.
948 4203 976 4260 ln
991 4207 1080 4277 primo
1094 4209 1142 4264 ad·
1190 4216 1236 4287 qui
1253 4223 1408 4285 reportares
1427 4228 1455 4267 ει
1477 4213 1505 4266 iu
1530 4211 1626 4282 populo
1651 4208 1747 4265 lsrael.
1774 4208 1879 4265 Similia
1906 4210 1976 4264 dixit

358 4304 440 4349 ventu
455 4293 626 4349 consumavit
641 4295 667 4348 in
693 4297 773 4352 nobis
795 4297 944 4352 claritatem
959 4298 1089 4354 doctrinae
1101 4302 1142 4356 vcl
1190 4307 1311 4364 loannes
1323 4307 1465 4378 discipulis
1480 4324 1488 4361 ε
1506 4324 1516 4358 ε
1532 4304 1628 4361 Parate
1640 4306 1711 4360 viavn
1737 4303 1844 4360 bomini
1859 4304 1893 4357 ¹¹.
1913 4322 1923 4356 s
1943 4302 1976 4356 Ει

358 4386 463 4457 gratiam
479 4385 506 4439 iu
526 4385 619 4440 lutnro
631 4387 802 4443 confirmabit
818 4389 969 4444 claritatem
985 4392 1087 4460 gloria.
1191 4417 1249 4472 per,
1259 4399 1409 4470 discipulos
1423 4398 1456 4454 ad
1469 4396 1629 4453 Christum:
1648 4415 1657 4448 r
1674 4396 1714 4450 Tu
1731 4411 1761 4452 es
1775 4396 1823 4466 qui
1846 4405 1976 4450 venturus

396 4479 506 4548 Lapides
518 4480 562 4549 qui
573 4491 634 4534 aurat
646 4480 674 4532 iu
686 4481 727 4532 aia
746 4481 918 4550 remooete⁸⁸;
931 4483 995 4553 pain
1013 4482 1141 4539 Dominus
1192 4506 1237 4555 es,
1260 4506 1295 4545 arr
1320 4489 1403 4552 alium
1424 4497 1613 4557 exspectamus
1628 4487 1694 4541 “li
1711 4486 1758 4542 Vel
1781 4496 1846 4542 suxit
1867 4500 1976 4557 sponsa

358 4581 445 4625 noster
456 4571 535 4625 serviet
547 4587 608 4624 cum
618 4571 719 4635 salutm
736 4572 769 4625 ad
782 4572 986 4628 similitudinem
998 4590 1141 4644 corporum
1193 4580 1274 4636 verba
1305 4579 1339 4635 ad
1367 4579 1583 4635 adolescentulas
1615 4577 1731 4634 dicentis
1758 4598 1765 4632 ε
1797 4574 1839 4631 lte
1870 4579 1974 4631 alricus

357 4664 427 4734 parit
448 4664 526 4718 uobis
552 4664 718 4718 medicamen
741 4663 912 4733 animarum
927 4668 1047 4736 quandiu
1067 4671 1142 4725 tvoxii
1158 4668 1179 4722 U
1194 4685 1296 4743 sponso
1310 4671 1343 4726 ⁸¹.

358 4766 422 4812 sunt
431 4757 561 4811 bumores
575 4755 602 4809 iu
613 4768 737 4824 corpore,
746 4756 892 4813 inatileesl
902 4759 1031 4816 nutritiva
1043 4776 1140 4832 super·
1230 4761 1278 4818 Via
1294 4762 1341 4819 liei
1362 4761 1397 4818 ad
1411 4777 1461 4818 uos
1474 4761 1540 4818 lides
1552 4769 1603 4825 est,
1627 4761 1670 4817 vel
1684 4762 1872 4817 misericordia
1885 4779 1893 4828 ;
1909 4763 1975 4832 quia

358 4846 472 4910 addere3
490 4846 554 4916 quia
570 4860 625 4899 non
637 4861 703 4915 pura
719 4860 833 4915 corpora
858 4857 960 4917 quanto
980 4851 1067 4921 magis
1087 4869 1140 4908 nu·
1194 4862 1287 4910 nostra
1299 4853 1428 4923 adipsum
1440 4851 1621 4921 ebaritasest;
1632 4863 1775 4922 utramque
1786 4846 1991 4929 prophetans·¹

358 4939 434 5001 tries,
444 4945 520 4991 tanto
531 4938 723 5007 magislaedcs3
733 4945 830 4993 etcum
842 4937 943 4993 lcrrum
955 4950 997 4995 est
1007 4941 1034 4996 in
1046 4944 1142 5000 vulne·
1193 4947 1270 5015 tavit,
1284 4947 1377 5002 dicens
1392 4962 1400 5002 a
1420 4963 1430 4998 t
1445 4946 1518 5002 Deus
1533 4961 1610 5003 meus
1630 4946 1771 5016 impolluta
1786 4947 1829 5002 via
1839 4947 1899 5016 ejus
1913 4947 1947 5011 ⁴⁸,
1962 4966 1972 4999 u

356 5033 397 5094 ie·
410 5042 463 5080 ¹¹⁰⁰
477 5035 519 5082 0⁵¹
529 5029 663 5098 militm
679 5036 874 5097 ibl⁰¹¹el⁰3⁰l
884 5028 1020 5085 sincerum
1032 5042 1073 5086 0⁸1
1086 5033 1140 5087 nisi
1194 5039 1308 5106 scilicet,
1336 5037 1414 5105 ildes,
1434 5037 1526 5108 posuit
1552 5036 1754 5094 immaculatam
1778 5039 1849 5094 viam
1874 5053 1975 5105 meam,

356 5131 414 5182 vas,
426 5116 608 5186 quodeunque
620 5116 742 5171 iuluudis
754 5119 864 5182 acescit,
874 5127 902 5174 et
915 5136 925 5170 t
941 5120 968 5174 in
981 5120 1139 5176 malevolam
1192 5130 1295 5185 scilieet
1310 5128 1480 5184 charitatem.
1504 5126 1546 5184 lte
1560 5145 1624 5200 ergo
1638 5130 1765 5201 perviam
1778 5130 1930 5196 obarmatis,
1951 5141 1976 5185 et

356 5207 476 5264 immam
489 5222 543 5262 ”⁰¹¹
565 5207 689 5263 Ustffllbil
707 5208 853 5279 sapientia;
875 5211 939 5281 quia
958 5227 1011 5266 ¹¹0ss
1035 5212 1141 5268 habital
1192 5220 1273 5274 dicite
1289 5234 1298 5273 :
1312 5220 1406 5274 nuntio
1419 5220 1505 5286 nolis,
1518 5230 1572 5277 ete.
1587 5220 1685 5277 Revela
1701 5221 1780 5275 nobis
1791 5236 1839 5292 per
1850 5218 1975 5291 Scriptu-

356 5299 383 5353 in
398 5312 512 5371 corpore
525 5299 635 5354 subdito
648 5300 766 5369 peccatis
783 5301 817 5366 ⁸⁸,
841 5319 850 5352 s
868 5302 915 5356 scd
929 5317 1055 5373 egressus
1080 5305 1140 5359 vitii
1195 5325 1265 5377 ram,
1285 5324 1333 5381 per
1348 5311 1554 5381 inspirationem
1570 5321 1709 5376 aeternam.
1725 5313 1811 5382 magis
1831 5314 1975 5383 armagis,

355 5394 486 5451 virtutum
497 5395 803 5464 operatur'iupressutu.
828 5395 899 5467 Ergo
925 5398 1015 5468 ejicite
1038 5399 1143 5467 lapides
1194 5414 1241 5469 per
1252 5411 1327 5455 tuam
1340 5401 1526 5470 praesentiam.
1540 5401 1563 5454 si
1575 5409 1603 5454 tu
1615 5416 1643 5455 er
1657 5399 1772 5456 llessias
1796 5400 1824 5455 in
1838 5400 1897 5471 lege
1909 5417 1975 5472 pro·

354 5487 388 5542 de
402 5487 510 5558 plateis.
524 5488 652 5544 duritiam
665 5490 794 5544 vitiorum
806 5489 840 5544 de
849 5488 992 5546 latitudine
1003 5492 1142 5558 cordium;
1194 5490 1307 5556 missus.
1323 5491 1385 5546 etsi
1398 5499 1560 5561 regnaturus
1575 5506 1604 5547 es
1618 5492 1644 5545 in
1660 5492 1760 5561 populo
1777 5490 1870 5559 lsrael,
1886 5493 1915 5548 iu
1929 5507 1976 5564 po·

391 5729 563 5786 resultet.
602 5731 776 5787 ’munus
816 5730 922 5786 '⁸lbid.
961 5732 1120 5790 ”tosus
1156 5733 1333 5794 ‘tunitius
1371 5734 1522 5791 betuna.
1559 5735 1739 5792 ”nescu
1774 5732 1904 5790 “icor.
1929 5736 1974 5790 ld.

354 5800 492 5855 ”riute
529 5801 682 5857 atu-rso.
718 5803 740 5835 ⁸⁸
777 5802 885 5871 Supul.
925 5803 1090 5859 ”butelli
1131 5803 1309 5862 “blattis-⁷).
1346 5805 1540 5861 ”lisbium
1577 5806 1753 5863 'tesauro
1791 5807 1814 5838 ⁸¹
1830 5805 1905 5861 usal.
1927 5805 1973 5860 tt.

353 5870 533 5925 vescum.
571 5872 766 5927 ⁸⁸llattlv.li.
804 5876 826 5906 ⁸·
843 5872 863 5925 ll
880 5871 941 5928 Par.
959 5874 985 5927 i.
1024 5874 1197 5930 “Exodlb
1236 5873 1342 5932 ⁸‘Luc
1365 5877 1390 5931 l.
1427 5876 1588 5933 ”ussum
1634 5879 1658 5913 ⁸⁸
1678 5875 1816 5932 liuttici.
1854 5876 1878 5908 ”
1899 5873 1973 5936 Psal.

355 5943 397 5996 ld.
434 5940 565 5998 ‘'lsa.l.
602 5943 756 5998 “luatub
794 5943 986 6002 ‘'blattinil.
1025 5944 1364 6014 ''Carrt.5;ldatllr.25.
1404 5945 1500 6003 “buu
1528 5948 1572 6003 li.
