4350 6709
225 552 280 610 6113
825 547 988 606 bistonii
1008 549 1251 609 tustuunstbtt.
1325 550 1328 554 ’
1789 548 1848 605 'm

226 672 355 738 burgum,
376 678 411 719 ne
435 662 597 729 aduersarii,
609 663 733 717 veniente
745 662 880 725 exercitu,
904 671 1017 732 possent
1029 668 1053 726 Α
1067 666 1243 735 pessulanum
1263 663 1461 735 archiepiscopi
1472 672 1501 721 et
1515 664 1640 736 episcopi·
1656 645 1745 721 vocati
1759 679 1774 719 ι
1788 678 1849 721 trra·

225 760 293 815 illud
315 758 486 812 comburere.
506 753 623 809 Veniens
638 755 722 823 igitur
745 769 836 810 comes
856 769 918 810 eum
934 769 1014 809 eaer-
1065 761 1151 830 gistro
1173 760 1253 815 Petro
1277 759 1468 816 Beneventano
1493 760 1649 830 apostoliea
1670 759 1744 814 sedis
1761 759 1850 830 legato

224 853 282 905 citu
307 850 341 904 ad
357 857 479 904 castrum
497 847 635 913 severaci,
656 846 760 902 invenlt
779 845 883 901 dictum
898 847 1014 916 burgum
1065 852 1099 907 ad
1113 853 1274 920 concilium,
1289 862 1321 907 ut
1339 852 1373 907 de
1395 853 1449 919 bis,
1464 869 1526 923 quae
1539 868 1616 923 pacta
1632 861 1711 906 erant
1723 862 1750 907 et
1764 852 1850 920 bdet,

226 948 364 1010 rllaesuvn,
392 943 543 1011 domosque
567 941 701 1011 plurimas
728 941 860 996 exercitui
879 949 958 1011 aptas
980 942 1014 997 ad
1064 942 1138 999 idem
1152 944 1256 1015 legatus
1269 946 1418 1001 secuudum
1434 947 1606 1017 prelatorum
1619 946 1764 1001 consilium
1777 947 1853 1002 ordi·

227 1036 408 1096 nanendunr.
427 1050 496 1104 quas
519 1044 685 1103 occupantes
715 1032 819 1099 nostri,
837 1032 1016 1090 firmaverunt
1065 1047 1154 1092 naret.
1165 1036 1358 1093 Convenerunt
1373 1049 1464 1093 autem
1479 1040 1512 1093 ad
1527 1039 1591 1093 illud
1604 1039 1753 1093 concilium
1768 1038 1853 1110 quin-

225 1129 402 1183 nbsidlonem
419 1145 426 1180 ε
445 1142 460 1181 a
474 1127 588 1181 domino
603 1127 706 1180 iactum
723 1134 766 1179 est
781 1125 859 1190 illud,
873 1126 920 1194 qui
934 1140 1016 1182 verus
1065 1143 1119 1198 que
1130 1129 1340 1200 arcbiepiseopi,
1357 1130 1483 1186 videlicet
1495 1128 1681 1186 Narbonensis
1700 1146 1721 1196 ι,
1743 1130 1852 1186 Accita-
1936 1154 1941 1167 ·

224 1230 269 1276 cst
284 1223 311 1276 in
326 1222 531 1292 opportunitate
545 1221 664 1291 adjutor,
686 1229 714 1275 et
730 1220 791 1290 pius
812 1219 838 1274 in
854 1222 1015 1275 necessitate
1065 1234 1118 1274 nus
1133 1235 1163 1286 ιι,
1180 1220 1379 1277 Ebredunensis
1391 1237 1433 1288 nr,
1445 1221 1610 1277 arelatensis
1623 1239 1659 1278 tv.
1673 1222 1810 1291 Aquensis
1821 1237 1849 1278 v.

226 1317 363 1385 provisor.
379 1314 477 1370 Paucis
498 1314 595 1369 diebus
618 1314 774 1379 transactis,
793 1322 939 1369 erexerunt
956 1328 1016 1367 ma·
1065 1311 1187 1367 Fuerunt
1216 1312 1336 1382 episcopi
1362 1328 1462 1377 ιιιιιι,
1477 1312 1626 1384 pluresque
1639 1314 1673 1369 de
1699 1313 1851 1371 baronibus

225 1409 338 1463 clrinam
358 1422 439 1459 unam
455 1421 516 1475 quae
537 1406 655 1475 petraria
675 1406 786 1470 dicitur,
800 1413 827 1459 et
840 1404 963 1458 fecerunt
972 1403 1016 1473 ia·
1065 1413 1145 1459 terrae
1170 1405 1205 1459 ibi
1229 1404 1386 1459 adfuerunt.
1408 1404 1511 1460 Nobilis
1526 1416 1616 1460 autem
1629 1420 1721 1461 comes
1736 1404 1851 1461 limnis-

225 1519 291 1558 cere
307 1513 401 1557 contra
418 1510 538 1556 castrum
556 1500 727 1554 :adversarii
749 1513 816 1552 vero
837 1513 918 1552 unam
935 1497 1015 1553 simi·
1063 1496 1145 1552 fortis
1160 1513 1214 1551 non
1242 1499 1353 1552 intravit
1371 1513 1433 1552 cum
1453 1498 1514 1554 aliis
1539 1498 1850 1568 Montempessulanunt,

227 1594 290 1646 liter
312 1592 466 1646 machinam
498 1598 660 1653 erexerunt,
680 1596 707 1641 et
727 1603 790 1641 curn
813 1587 872 1657 ipsa
893 1597 1014 1654 nostros,
1063 1592 1113 1646 seri
1134 1590 1236 1645 mansit
1253 1590 1349 1646 diebus
1362 1590 1471 1645 concilii
1485 1591 1512 1644 in
1524 1591 1641 1660 quodam
1654 1592 1745 1647 vicino
1757 1600 1850 1647 castre

226 1693 362 1755 (parantum
378 1693 515 1753 poterant,
531 1682 705 1738 infestabant.
723 1679 778 1734 Nec
790 1680 926 1735 silendum
941 1680 1015 1750 quod
1065 1683 1213 1751 quoderat
1233 1682 1353 1752 episcopi
1369 1682 1578 1753 Magalonensis.
1604 1682 1734 1739 flamines
1758 1688 1851 1738 autent

226 1781 356 1835 obsessos
375 1778 435 1832 illos
453 1778 489 1831 ita
506 1784 694 1830 attenuaverat
712 1773 842 1829 dominus
867 1773 894 1826 in
910 1773 1016 1829 victua·
1064 1769 1319 1842 ΝῡῦῑίιριδειιΙιῐιῑ,
1337 1781 1430 1843 villole
1444 1775 1557 1844 pessimi
1583 1783 1611 1830 ‘¹1
1635 1775 1850 1844 superbissimi·

226 1871 301 1926 libus
316 1870 389 1940 quod
405 1870 489 1923 nimia
505 1869 616 1938 perrrrria
629 1867 816 1932 arctabantur,
838 1865 925 1937 frigus
947 1880 1016 1936 prae·
1065 1879 1173 1935 semper
1188 1880 1303 1921 exosum
1321 1867 1458 1922 lrabebant
1478 1869 1604 1923 comitem
1615 1878 1643 1923 et
1654 1884 1750 1924 omncs
1765 1866 1851 1925 Fran-

227 1973 302 2020 terea
324 1976 352 2019 et
377 1964 474 2018 biensis
489 1964 622 2032 asperitas
640 1963 677 2016 ita
692 1977 740 2017 ens
763 1962 909 2033 affligebat,
923 1970 1015 2032 utpote
1065 1957 1186 2026 oigenas,
1201 1958 1237 2013 ita
1249 1959 1322 2029 quod
1340 1959 1428 2028 ipsum
1449 1961 1576 2015 comitem
1590 1976 1642 2014 non
1659 1961 1851 2030 permittebant

226 2065 275 2135 qui
292 2063 424 2128 modicas,
447 2073 474 2117 22
490 2062 637 2117 piissimas
657 2059 795 2114 habebam
821 2068 922 2126 pestes,
940 2058 1014 2129 quod
1028 2030 1051 2085 Β
1065 2047 1361 2119 blontempessulauum
1383 2053 1486 2106 intrare
1508 2052 1582 2126 :liae
1595 2052 1629 2106 de
1644 2067 1726 2106 carisa
1749 2050 1851 2105 mansit

225 2157 386 2213 nesciebant
397 2157 461 2227 quid
478 2163 600 2226 agerent.
622 2153 651 2207 Si
667 2152 730 2222 quis
744 2160 835 2206 autern
850 2153 884 2207 (le
897 2167 1016 2223 pauper·
1065 2143 1137 2198 sicat
1147 2143 1267 2198 diximus
1287 2144 1314 2199 in
1330 2153 1421 2199 castro
1433 2132 1571 2215 praedicto,
1588 2145 1768 2214 veniebatque
1782 2160 1851 2214 quir·

226 2260 282 2307 tate
301 2258 328 2304 et
350 2248 459 2302 miseria
478 2262 572 2302 eorum
592 2247 722 2312 miretur,
746 2247 853 2302 noverit
878 2247 952 2318 quod
976 2247 1014 2303 ita
1064 2235 1131 2291 tidie
1154 2251 1241 2306 usque
1263 2235 1559 2308 llfontempessulanum
1586 2237 1613 2294 in
1629 2237 1712 2292 domo
1733 2237 1848 2291 fratrom

226 2342 320 2399 suppo
338 2338 517 2408 pfaeoceppsrt
533 2338 654 2403 sperum,
671 2336 745 2406 quon
762 2352 815 2392 non
830 2337 938 2393 licuerit
952 2338 1014 2406 ets,
1064 2327 1169 2382 militiae
1180 2325 1286 2399 Templi
1297 2326 1367 2386 foris
1376 2343 1495 2394 murum,
1508 2329 1554 2383 ubi
1562 2329 1768 2401 egrediebantur
1782 2328 1850 2383 foris

226 2434 381 2490 incarnis
404 2448 455 2487 nee
469 2431 633 2486 victualibus
659 2444 690 2485 se
713 2430 830 2495 manin,
860 2444 914 2484 non
939 2429 1013 2484 emm
1064 2423 1099 2477 ad
1118 2436 1226 2477 eam...
1247 2420 1446 2491 archiepiscovi
1460 2428 1487 2476 et
1501 2422 1619 2491 episcopi
1633 2463 1642 2488 ‚
1657 2422 1764 2491 quoties
1779 2436 1849 2490 outa

226 2525 372 2597 putabant,
385 2523 457 2577 sicut
467 2520 596 2584 diximus,
612 2520 684 2590 quod
699 2518 785 2572 nostri
803 2516 891 2572 media
913 2517 1013 2583 bieme,
1063 2522 1134 2569 erat.
1145 2513 1230 2584 igitur
1243 2513 1469 2569 conuenientibus
1482 2522 1511 2568 ut
1522 2513 1679 2582 praedictum
1691 2524 1733 2568 est
1746 2515 1847 2586 legato,

223 2619 296 2673 etin
313 2616 379 2671 locis
395 2624 450 2669 tarn
467 2614 582 2683 frigidis,
598 2620 710 2682 possent
723 2610 895 2666 obsidionem
911 2619 1013 2665 tenere.
1065 2606 1277 2676 arolriepiscopis
1292 2615 1319 2660 et
1331 2606 1477 2676 episcopis,
1490 2607 1634 2662 abbatibus
1646 2615 1673 2661 et
1683 2607 1744 2663 aliis
1758 2608 1848 2664 eccle·

225 2709 293 2765 Post
311 2722 414 2778 paucos
432 2721 497 2760 vero
511 2705 579 2771 dies,
605 2703 677 2759 fame
698 2712 725 2759 et
750 2702 795 2759 siti
817 2711 845 2758 et
867 2701 969 2772 frigore
987 2709 1015 2757 et
1064 2697 1167 2752 siarum
1194 2698 1313 2769 praelatis
1335 2700 1407 2769 apud
1434 2698 1753 2769 blontempessulannm,
1782 2699 1849 2757 fecit

225 2797 351 2853 nuditate
362 2794 465 2861 afflicti,
480 2794 689 2865 postulaverunt
703 2808 808 2863 paoem.
823 2791 893 2859 Quid
916 2792 1015 2861 plura?
1064 2791 1169 2861 lagatus
1180 2806 1334 2846 sermonem
1352 2792 1379 2846 in
1392 2791 1507 2846 ccclesia
1518 2792 1602 2850 beatae
1615 2788 1735 2862 Virginis
1746 2791 1847 2848 blarias.

225 2889 295 2947 Post
323 2892 434 2961 longum
462 2900 488 2943 et
516 2888 623 2942 narium
646 2887 679 2940 de
702 2886 784 2941 modo
807 2886 1014 2956 compositionis
1063 2883 1162 2939 Postea
1176 2885 1283 2939 vocavit
1302 2883 1328 2938 in
1353 2884 1474 2939 domuin
1490 2899 1544 2954 qua
1570 2886 1696 2941 manebat
1714 2885 1850 2955 archiepi-

226 2993 385 3049 traetatum,
397 2983 505 3038 tandem
526 2981 560 3035 ad
581 2980 729 3051 proborum
745 2979 901 3045 consilium,
917 2979 945 3033 iu
962 2979 1014 3033 boo
1064 2987 1163 3050 scupos
1176 2978 1297 3049 quinque
1312 2988 1339 3033 et
1350 2982 1493 3049 episcopos
1505 2994 1600 3046 axviu,
1617 2979 1730 3036 abbates
1741 2987 1769 3035 et
1780 2979 1849 3036 alios

225 3073 674 3143 convenerunt‚tarnnostriquam
690 3071 818 3127 dominus
831 3069 926 3134 castri,
940 3071 1014 3142 qnod
1063 3073 1240 3128 ecelesiarum
1250 3073 1595 3143 praelatosinnumerabttes
1605 3073 1753 3143 :quibusin
1763 3087 1849 3128 unum

227 3169 286 3240 ipse
303 3169 428 3223 redderet
443 3167 536 3222 comiti
550 3175 684 3230 castrum,
698 3173 725 3221 et
738 3179 832 3220 eomes
854 3164 943 3235 ipsum
965 3179 1014 3219 ca·
1063 3166 1245 3236 congregatis,
1262 3167 1351 3235 primo
1364 3180 1412 3220 cos
1425 3165 1616 3221 alloeutusest
1631 3165 1657 3220 in
1670 3166 1728 3221 baec
1742 3167 1847 3221 verba:

226 3271 314 3321 strum
339 3262 467 3332 episcopo
496 3259 686 3326 liutbenensi,
721 3266 749 3314 et
781 3256 891 3314 cuidam
928 3257 1013 3313 nobili
1067 3257 1196 3329 «llepeto
1206 3267 1234 3314 et
1246 3257 1487 3328 reprimamus,
1499 3257 1551 3314 sub
1570 3259 1752 3314 obtestatione
1764 3259 1849 3314 divini

226 3355 309 3410 militi
332 3354 378 3425 qui
409 3352 549 3408 dicebatur
577 3350 675 3405 Petrus
716 3349 857 3404 brimundi
894 3350 1012 3404 traderet
1062 3351 1158 3421 judicii
1172 3361 1200 3408 et
1212 3352 1373 3408 obedientiae
1384 3352 1487 3419 debito,
1498 3367 1553 3422 quo
1568 3350 1700 3408 Romanae
1720 3351 1850 3408 Ecclesia

226 3445 435 3501 custodiendum
453 3487 461 3512 ‚
487 3443 643 3512 factumque
664 3450 707 3496 est
725 3442 771 3496 ita.
790 3439 887 3496 Statim
912 3441 1013 3497 nubilis
1065 3445 1206 3512 tenemini,
1224 3454 1255 3500 ut
1269 3445 1343 3500 omni
1363 3444 1460 3516 gratia,
1476 3445 1549 3511 odio,
1570 3444 1655 3501 livore
1675 3446 1847 3518 postpositis,

225 3552 321 3592 oontes
335 3536 369 3591 de
382 3552 456 3591 mera
470 3536 633 3591 liberalitate
648 3548 708 3601 sua,
725 3532 842 3588 reddidit
855 3534 1014 3604 supradicto
1064 3536 1135 3591 detis
1157 3537 1239 3593 nobis
1259 3538 1337 3593 fidele
1358 3539 1514 3606 consilium,
1541 3540 1690 3595 secundum
1705 3540 1848 3596 scientiam

225 3631 340 3686 domino
355 3627 480 3684 Severaci
504 3637 587 3684 totam
609 3628 691 3682 aliam
712 3635 811 3680 terram
825 3641 914 3692 suam,
931 3641 1014 3696 qnam
1064 3637 1195 3697 nestram,
1211 3629 1255 3685 cui
1277 3630 1374 3685 melius
1397 3640 1424 3687 et
1448 3631 1552 3700 utilius,
1565 3630 1599 3686 ad
1613 3631 1742 3688 bonorem
1762 3628 1850 3690 belet

224 3728 408 3792 occupaverat
434 3720 523 3776 Goido
547 3721 581 3776 de
606 3718 762 3775 llorrteforti
788 3737 795 3773 :
817 3719 895 3788 prius
922 3730 1014 3774 tamen
1064 3730 1166 3776 sanctae
1189 3722 1285 3778 matris
1299 3721 1428 3779 Ecclesia
1448 3734 1579 3797 etpacem
1602 3726 1741 3791 terrae,ad
1762 3740 1849 3798 expu-

227 3831 310 3883 ouanr
323 3815 446 3870 redderet
458 3815 482 3869 ei
496 3822 597 3868 terram
613 3811 893 3879 suam,indu1iteum
906 3810 1012 3876 adboe,
1064 3814 1200 3884 guandam
1215 3815 1258 3870 vel
1271 3817 1471 3887 expurgandam
1487 3817 1646 3889 spurcitiam
1658 3819 1849 3877 baereticorum

225 3907 300 3979 quod
315 3906 472 3961 bominibus
486 3906 544 3961 suis
560 3905 661 3965 malurn
677 3919 731 3959 non
745 3902 875 3969 inferret;
889 3918 922 3958 eo
939 3903 1013 3974 quod
1064 3906 1177 3960 concedi
1205 3913 1232 3961 et
1247 3907 1381 3978 assignari
1404 3907 1502 3963 debeat
1520 3906 1629 3976 Tolosa,
1653 3925 1734 3981 quam
1755 3924 1849 3966 coines

228 4014 258 4054 se
270 3997 454 4053 reddidissent
468 4006 618 4052 memorato
635 3995 769 4055 Guidoni.
780 3995 846 4051 Post
861 3996 919 4053 baec
929 3996 1012 4052 etiam
1065 3996 1218 4055 Tolosanus
1238 4001 1325 4055 tenuit
1339 4008 1366 4055 et
1380 4001 1440 4056 alie
1457 4007 1537 4056 terrae
1556 4017 1626 4072 quas
1645 4011 1850 4072 occupaverunt

228 4091 329 4146 nobilis
343 4106 445 4157 comcs,
471 4098 566 4159 utpote
590 4089 824 4157 liberalissimus,
850 4090 968 4146 reddidit
986 4090 1013 4146 ei
1063 4091 1200 4145 exercitus
1210 4088 1428 4146 Christianorum
1446 4091 1727 4163 crucesignatorum.»
1744 4079 1849 4150 omues

228 4181 393 4239 Severacum
410 4191 515 4250 recepta
532 4180 566 4236 ab
579 4181 639 4251 ipso
653 4181 769 4239 lruminii
785 4180 912 4238 fidelitate
928 4189 955 4236 et
969 4197 1015 4237 sa·
1064 4180 1261 4251 arcbirpiscopi
1275 4190 1303 4238 et
1325 4182 1445 4253 episcopi
1461 4183 1617 4240 babuerunt
1639 4185 1750 4256 longam
1765 4193 1793 4241 et
1804 4184 1849 4240 di·-

227 4283 380 4340 crannum,
396 4283 422 4329 et
438 4273 474 4327 ita
489 4273 516 4326 in
528 4271 642 4343 gratiam
660 4281 688 4327 et
703 4271 916 4330 familiaritatem
928 4272 1014 4328 conti·
1064 4273 1191 4344 ligantem
1205 4274 1438 4342 deliberationem,
1462 4276 1653 4347 uuusquisque
1664 4292 1727 4332 cum
1743 4276 1850 4333 abbati·

228 4367 265 4422 tis
284 4374 328 4421 est
350 4374 501 4434 susceptus.
526 4363 582 4420 Nec
603 4365 861 4435 praetermittendum
882 4367 953 4436 qrtod
964 4381 1014 4436 per
1064 4367 1116 4422 bus
1139 4381 1196 4422 suae
1216 4366 1343 4424 dioeresis
1357 4378 1383 4423 et
1399 4367 1581 4424 familiaribus
1603 4368 1709 4424 clericis
1731 4369 1798 4434 suis,
1821 4375 1849 4425 et

226 4455 407 4512 redditionem
421 4459 502 4513 castri
525 4455 585 4511 Sen
595 4459 794 4512 racrtotiterrae
807 4456 843 4509 illi
854 4456 957 4511 reddita
971 4465 1013 4512 est
1063 4459 1128 4528 quia
1146 4460 1247 4518 bonum
1272 4460 1414 4516 videbatur
1439 4469 1466 4516 et
1493 4469 1599 4516 rectum
1628 4461 1791 4532 redegerunt
1819 4459 1849 4515 lu

226 4564 281 4623 pax
290 4558 318 4606 ct
328 4550 417 4619 otiien
427 4550 453 4603 iu
462 4551 589 4622 omnibus
601 4549 753 4606 laudandus
765 4557 808 4605 est
820 4548 902 4612 licus.
913 4550 1015 4620 ample·
1064 4551 1208 4621 scriptum,
1224 4551 1288 4605 etin
1306 4550 1358 4606 boo
1376 4551 1484 4606 tandem
1502 4552 1624 4608 omniurn
1638 4560 1666 4605 et
1678 4552 1849 4622 singulorum

227 4643 345 4699 ctendus
360 4642 460 4697 atbleta
481 4643 565 4712 ipsius
580 4642 765 4709 fidelissimus,
782 4657 876 4698 comes
888 4640 1013 4697 videlicet
1062 4651 1126 4696 vota
1141 4650 1168 4696 et
1183 4642 1297 4698 consilia
1318 4651 1513 4710 convenerunt,
1537 4651 1567 4698 ut
1587 4642 1704 4697 nobilem
1719 4643 1848 4699 comiteur

225 4734 675 4791 christianissimusblontislortis.
688 4735 936 4791 llisomnibusrite
948 4748 1010 4804 per·
1027 4731 1244 4800 nldontisfovtis
1258 4735 1389 4805 eligerent
1408 4735 1434 4790 in
1453 4735 1537 4791 totius
1559 4742 1638 4789 terrae
1656 4732 1847 4804 illiusprinei·

226 4829 307 4895 artis,
331 4827 460 4896 magister
487 4826 585 4881 Petrus
611 4825 830 4890 Berroventanus,
853 4824 1011 4895 apostolieae
1061 4842 1122 4896 pem
1139 4836 1166 4882 et
1183 4828 1372 4882 monarcham.
1393 4826 1415 4880 0
1433 4843 1478 4882 res
1498 4826 1638 4884 mirandal
1662 4826 1687 4882 si
1710 4826 1848 4883 creandus

227 4922 301 4978 sedis
322 4922 436 4992 legatus,
448 4922 481 4976 de
503 4937 558 4991 quo
574 4935 657 4990 snpra
686 4918 802 4976 fecimus
831 4920 1009 4986 mentionem,
1061 4926 1103 4972 est
1127 4918 1441 4988 episcopusautabbas,
1468 4917 1512 4975 vitt
1538 4916 1565 4970 iu
1590 4931 1674 4974 unam
1699 4930 1846 4987 personam

225 5030 354 5071 reversus
368 5031 383 5070 a
398 5015 520 5085 partibus
536 5012 768 5082 braganensibus,
793 5013 821 5067 in
840 5013 940 5084 quibus
962 5028 1011 5082 pro
1061 5009 1229 5064 conveniunt
1243 5010 1469 5081 paucissimorum
1486 5023 1731 5076 consensuspecce
1744 5009 1772 5064 in
1792 5009 1849 5066 ele·

225 5105 703 5178 gravibusnegottistecerattongarn
721 5119 837 5170 menam,
852 5105 1012 5161 convocavit
1062 5100 1152 5156 ctione
1172 5101 1301 5171 principis
1322 5109 1417 5170 terrae,
1440 5110 1479 5157 tot
1498 5110 1526 5155 et
1542 5110 1625 5158 tantae
1648 5116 1791 5172 persone.
1817 5100 1847 5156 in

225 5199 433 5255 celeberrimum
449 5208 476 5254 ct
491 5198 877 5270 generalissimumconcilium
888 5196 915 5252 in
927 5199 1010 5268 quin·
1061 5205 1241 5250 memoratum
1252 5193 1355 5251 Cbristi
1366 5196 1494 5267 pugilem,
1506 5195 1566 5251 sine
1575 5195 1668 5265 aliqua
1677 5195 1848 5252 dissensione

223 5288 1008 5361 denaNativitatisbonrinicaeapudbfontempessulanuut.
1060 5298 1125 5344 vota
1150 5305 1199 5345 sua
1225 5289 1389 5345 unanimiter
1415 5290 1592 5345 contulerunt
1612 5309 1619 5345 :
1640 5306 1656 5347 a
1677 5289 1733 5344 Deo
1750 5288 1846 5359 procul
1919 5355 1923 5363 Ι

487 5424 602 5483 CAPUT
622 5421 741 5479 [ΜΗ.
1061 5382 1145 5438 dubio
1160 5381 1317 5439 factumest
1336 5382 1419 5448 istud
1442 5390 1468 5437 et
1490 5392 1533 5438 est
1556 5382 1683 5438 mirabile
1704 5383 1733 5438 iu
1758 5381 1848 5438 oculis

224 5522 377 5581 Concilium
391 5523 462 5594 apud
477 5519 761 5593 Montempersafonum
774 5518 875 5590 legatus
886 5519 1009 5586 celebrat,
1060 5475 1174 5530 nmis:
1198 5475 1344 5576 P⁰⁵tqu³¹f¹
1369 5490 1435 5546 ΒΨ
1455 5475 1656 5578 {mmmmm
1679 5484 1707 5530 οι
1726 5475 1847 5581 epiwi

259 5597 305 5650 cari
318 5596 446 5648 intersunt
460 5610 474 5645 v
489 5593 709 5662 orcltirprscooiet
726 5607 809 5646 nnn
820 5591 934 5660 episcopi
945 5607 1008 5656 ,sn-
1060 5567 1199 5637 ‘leffium
1213 5566 1386 5635 119311οῙ11111ιη
1403 5576 1529 5622 0011111111
1552 5567 1632 5622 [110όο
1646 5582 1702 5637 (1ιΙο
1718 5568 1847 5638 Pl'fflffl·

258 5667 436 5736 perdominio
451 5673 527 5718 terre
540 5665 704 5734 corroniaitoe,
716 5663 791 5731 cujus
804 5676 888 5714 contet
903 5679 919 5714 o
934 5661 1011 5719 nor·
1060 5677 1134 5728 tnuS,
1159 5660 1355 5717 instantissime
1381 5661 1564 5731 requisierunt
1585 5677 1600 5716 a
1623 5661 1722 5732 legato,
1739 5672 1771 5718 ut
1789 5662 1848 5734 ipse

260 5737 355 5804 teforti
368 5737 554 5805 princeptano
570 5734 771 5790 tutiurconcitii
786 5748 831 5787 ore
848 5738 1010 5789 ercomema
1060 5753 1152 5809 Smin,
1183 5753 1407 5824 padernum
1432 5762 1531 5809 gemm
1559 5755 1647 5810 eidem
1663 5757 1772 5825 comm
1798 5756 1848 5814 „d

260 5808 442 5864 ‘mmm‘
1047 5845 1153 5902 -babito
1168 5860 1281 5901 recursu
1298 5846 1333 5901 ad
1353 5847 1458 5903 litteras
1473 5845 1505 5902 b.
1520 5864 1620 5918 papae,
1640 5865 1710 5921 quas
1735 5851 1849 5907 miserat

259 5943 340 6001 Anno
350 5942 385 5997 ab
397 5940 595 5997 incarnationis
606 5939 714 5994 bomini
730 5939 809 6008 itti,
828 5940 855 5994 in
872 5940 1010 6010 qrrirnlena
1060 5940 1165 6011 legato,
1190 5940 1330 5997 inventum
1369 5949 1412 5996 est
1447 5941 1522 6012 quod
1543 5941 1719 6014 legatusnon
1741 5951 1848 6015 poterat

222 6036 385 6096 nanvtnns.
401 6035 559 6103 bominicte,
581 6043 765 6093 convenerunt
785 6033 856 6105 apud
877 6032 1010 6091 linuntu-
1061 6033 1135 6092 istud
1157 6035 1249 6096 facere
1268 6030 1423 6096 inconsulto
1442 6033 1474 6091 1).
1493 6049 1562 6110 papa
1579 6052 1590 6092 ε,
1600 6044 1631 6093 et
1643 6037 1695 6094 bas
1707 6036 1846 6103 buna.
