4350 6709
330 733 441 798 dictum,
456 740 484 788 et
499 727 621 800 scripsit.

597 836 714 894 entur
733 832 852 890 xt'tttt.

485 946 680 990 trosrotonutt
699 943 806 986 srnonts
825 943 860 980 ετ
879 938 964 980 tune.

370 1053 465 1108 Simon
484 1059 512 1106 et
538 1048 624 1105 iudas
641 1045 741 1101 iratres
767 1057 878 1114 quoque
907 1035 1013 1094 Domini
1039 1033 1124 1089 luisse

332 1143 474 1203 titcrunur.
493 1142 571 1196 Anna
582 1147 610 1195 et
627 1136 762 1193 liismeria
784 1148 894 1190 sorores
913 1130 998 1186 inore.
1011 1127 1049 1183 lie
1063 1126 1125 1181 iiis-

336 1238 421 1293 meria
435 1243 497 1291 nata
511 1242 554 1289 est
579 1229 732 1295 Elisabeth,
753 1243 816 1298 qum
833 1224 885 1280 luit
898 1231 986 1278 mater
1008 1218 1125 1276 ioannts

337 1329 463 1399 liaptistae
474 1327 508 1393 ⁸⁸,
528 1325 576 1380 lilii
590 1322 745 1386 Zachariae;
762 1319 839 1374 Anna
851 1314 1016 1373 deloacitim
1032 1313 1127 1386 genuit

338 1431 444 1476 leuatam
453 1418 608 1489 Virginem,
626 1431 688 1487 quae
702 1413 798 1485 nupsit
811 1410 924 1480 ioseplt.
941 1408 1047 1464 Mortuo
1062 1405 1128 1462 ioa-

338 1514 412 1580 cltin,
433 1512 528 1583 nupsit
549 1510 629 1564 Antra
643 1507 772 1577 cleophae
785 1503 863 1559 iratri
886 1500 987 1572 ioscpir
999 1500 1051 1556 viri
1067 1498 1126 1554 Ma·

339 1608 396 1672 nee,
411 1615 439 1661 et
449 1604 545 1676 genuit
558 1602 642 1658 aliam
660 1600 786 1664 Mariam,
810 1613 871 1667 quae
885 1595 980 1666 nupsit
1001 1592 1126 1663 Alpltaeo,

339 1717 370 1756 ex
387 1716 443 1770 quo
469 1698 590 1768 suscepit
621 1694 756 1750 iacoltnm
773 1691 916 1757 Minorem,
936 1687 1077 1744 Simonem
1101 1697 1129 1742 ει

339 1790 447 1857 ludam,
466 1789 514 1860 qui
528 1788 629 1844 dicitur
640 1785 807 1850 Tiraddaeus,
823 1793 851 1840 et
863 1781 963 1853 ioseph
976 1779 1128 1845 Barsaban,

339 1882 386 1954 qui
412 1882 623 1953 cognominatur
653 1876 758 1939 iustus,
775 1891 810 1931 ne
832 1883 943 1946 propter
966 1869 1128 1942 iniustitiam

339 1975 468 2030 credatur
481 1973 517 2028 ab
530 1970 687 2042 apostolatu
716 1968 802 2024 luisse
824 1967 997 2037 reprobatus.
1021 1962 1128 2019 Mortuo
1144 1964 1167 2025 n

340 2067 459 2137 Cieopita
474 2064 567 2135 nupsit
582 2063 661 2117 Anna
683 2060 805 2123 Salome,
821 2068 849 2115 et
874 2057 996 2128 suscepit
1019 2052 1129 2111 tertiam

340 2158 464 2223 Mariam,
482 2171 545 2226 quae
556 2153 649 2225 nupsit
663 2150 805 2217 Zebedeo,
822 2149 869 2220 qui
883 2149 977 2219 genuit
987 2163 1022 2202 ex
1038 2161 1070 2200 oa
1084 2144 1130 2200 Ja-

340 2249 439 2305 ooltnm
453 2245 585 2316 Maiorem
600 2245 634 2313 ⁸⁸,
646 2252 674 2298 ει
686 2241 819 2298 ioannem
834 2239 1040 2313 evangelistam.
1053 2237 1132 2294 Unde

340 2343 369 2399 lti
386 2356 493 2406 tersus,
513 2340 548 2397 de
562 2338 636 2394 linea
655 2337 743 2393 beate
763 2333 897 2406 Virginis.

342 2479 405 2534 Trea
418 2477 502 2533 tribea
515 2476 593 2531 daran
607 2476 693 2546 lectar
704 2476 836 2547 peperisse
843 2472 963 2533 'Mariua

341 2550 409 2617 Quor
420 2564 530 2620 irrepsere
540 2548 604 2602 uiris
621 2566 628 2602 :
643 2545 741 2619 Josepit
751 2588 759 2612 ,
771 2546 897 2616 Aipitoeo,
912 2543 1033 2598 Zeiedon
1042 2558 1053 2608 ,·
1068 2544 1131 2597 item

341 2622 483 2676 Annaoiro
494 2617 606 2672 iooeitin
618 2620 716 2688 peperit
729 2629 764 2684 te,
779 2617 859 2688 Virgo
875 2614 974 2679 Mario,

341 2691 385 2746 iis
398 2707 451 2761 qno
470 2690 597 2760 processit
611 2690 667 2743 aiae
681 2690 780 2743 aeatine
790 2704 851 2743 nera
864 2684 974 2755 Sopitia.

342 2761 408 2818 Post
423 2762 471 2816 itoc
484 2760 516 2814 de
534 2759 650 2828 Cieopitu
662 2761 763 2829 peperit
777 2767 801 2813 te
812 2759 885 2829 oirgo
894 2772 1022 2823 sororem,

341 2832 410 2956 qna
424 2831 496 2902 parit
512 2828 620 2897 Aipitoeo
635 2828 780 2895 Simonem,
792 2828 921 2882 incolam
936 2825 1078 2894 Minorem,

362 2903 439 2971 otepit
459 2898 600 2954 Borsainu
617 2897 778 2954 Titoddoenm
792 2898 896 2952 nomiae
913 2894 1025 2951 ladam.

343 2972 403 3027 iioe
415 2987 516 3041 qnoque
529 2969 651 3038 defuncto
663 2969 771 3022 cnidum
783 2967 891 3024 Saiome
907 2968 1049 3037 copuletur

342 3043 387 3099 Ea
400 3059 453 3115 gna
465 3050 589 3095 antemna
603 3037 723 3094 Zebedaei
740 3039 856 3111 partieris
876 3048 1025 3110 generatur.

378 3179 413 3236 Et
426 3177 535 3236 attende
545 3175 618 3249 quod
634 3175 769 3246 {rotreaia
782 3174 874 3231 divina
891 3172 1033 3245 Scriptura
1048 3173 1135 3246 pluri·

343 3274 397 3332 bas
410 3272 500 3329 modis
518 3271 662 3342 accipitur,
676 3280 786 3336 tratura,
802 3276 893 3340 gente,
904 3266 1078 3338 cognatione,
1093 3267 1132 3323 si·

344 3363 514 3432 militudiue,
529 3363 671 3435 religione.
687 3360 789 3417 Natura
804 3368 833 3414 ut
845 3358 932 3415 iacob
954 3368 983 3415 et
1005 3357 1077 3414 Esau
1097 3357 1132 3426 ⁸²,

344 3468 425 3531 gente
440 3466 470 3512 ut
488 3472 584 3513 ottutes
605 3455 701 3511 iudaei.
715 3451 813 3509 Unde:
831 3471 840 3504 ι
857 3451 886 3508 Si
904 3452 1005 3509 emeris
1020 3450 1133 3507 iratrcm

347 3555 437 3612 tuum,
452 3566 462 3599 ι
478 3555 506 3603 ει
520 3546 576 3601 ibi:
597 3544 764 3601 «Constitue
779 3557 864 3598 uuum
880 3543 913 3599 de
924 3543 1055 3599 iratribus
1066 3542 1133 3609 tuis,

345 3637 498 3709 principato
520 3651 604 3707 super
628 3645 665 3702 te,
678 3650 761 3707 quero
778 3634 850 3691 lteus
863 3633 975 3705 clegerit
1001 3632 1036 3690 ⁸⁸.
1054 3651 1064 3686 ι
1080 3634 1135 3690 Go-

346 3728 488 3801 gnatioue,
500 3736 549 3782 ut:
569 3745 579 3778 ι
594 3725 664 3782 Εεεε
677 3736 765 3782 mater
780 3739 806 3782 et
816 3725 915 3782 iratres
926 3726 965 3781 tui
979 3723 1048 3781 ioris
1061 3733 1135 3782 stant

346 3831 500 3890 quaerentes
516 3828 542 3874 te
557 3817 590 3872 ⁸⁹.
609 3837 618 3870 t
637 3816 833 3884 similitudine,
845 3828 875 3872 ut
889 3835 896 3872 ι
911 3814 1031 3872 lacobus
1048 3815 1135 3871 irater

346 3909 497 3965 nonime.
509 3909 697 3980 Religionem
708 3906 1133 3976 tl’ade,diclratribusmcis'¹t3

344 4009 389 4055 et:
404 4017 414 4050 ι
425 3998 495 4054 Εεεε
503 4015 586 4070 quant
598 4001 700 4056 bonum
712 4009 739 4056 ει
747 4016 842 4071 quam,
851 4000 1003 4072 jucundum
1011 3999 1136 4056 habitare

345 4091 445 4150 iratres
459 4093 585 4149 inunum
603 4092 637 4148 ”.
657 4111 667 4145 t

586 4248 591 4259 ,
620 4205 735 4262 caput
754 4207 849 4264 xttx.

452 4315 479 4356 tn
498 4317 677 4370 rssrtttrtrn
696 4317 799 4358 ottntutt
818 4317 977 4359 sancroautt
993 4302 1026 4358 ⁸⁸.

382 4416 420 4473 De
432 4416 637 4475 lestolimuium
655 4419 819 4477 Sanctorum
831 4435 917 4490 pauca
927 4420 1054 4490 superius
1064 4434 1135 4490 pre·

346 4507 505 4566 libavimus.
522 4508 572 4566 ilie
586 4520 677 4567 tamen
688 4511 873 4582 adjiciendum
897 4520 940 4568 est
960 4513 1012 4568 itoc
1033 4512 1134 4569 iestum

863 505 1001 566 sicano!
1021 497 1268 560 caenoutnsts
1288 493 1444 553 tutscort

330 649 401 703 cttts,
417 637 501 694 etiam
522 644 550 691 et
564 634 600 689 tlr
617 631 680 688 aliis
700 628 807 695 didicit,
832 625 905 700 quod
917 621 1023 688 docuit,
1048 619 1156 691 prae-d

1480 608 1595 668 Cli’lii
1616 607 1647 663 L.

1371 723 1404 763 na
1423 720 1562 769 exsensus
1582 717 1759 759 noaruonnu.

1208 800 1291 856 Festo
1306 799 1435 855 Omnium
1462 796 1626 854 Sanctorum
1642 795 1820 851 continuatur
1840 807 1967 852 commo·

1175 896 1294 951 motatio
1316 902 1498 949 mortuorum.
1524 890 1592 947 Tres
1606 898 1671 947 suut
1695 889 1755 945 dies
1777 887 1900 945 continui
1915 888 1967 945 tri-⁶

1173 987 1225 1042 bus
1238 985 1375 1059 mysteriis
1389 984 1524 1057 deputati.
1544 981 1611 1038 Nam
1635 981 1726 1054 uigilia
1741 979 1872 1036 Omnium
1893 978 1967 1036 Sau-

1174 1090 1282 1138 ctorum
1297 1079 1357 1134 dics
1373 1088 1415 1135 est
1431 1077 1597 1142 aiilictionis,
1616 1074 1778 1133 solemnitas
1790 1073 1850 1129 dies
1861 1080 1904 1129 est
1917 1088 1968 1128 ex-

1102 1218 1107 1231 .
1176 1173 1351 1238 suitatiouis,
1380 1171 1463 1227 bodie
1485 1186 1549 1226 tero
1585 1169 1644 1226 dies
1681 1179 1724 1225 est
1759 1166 1906 1225 orationis.
1936 1164 1968 1222 in

1176 1265 1278 1336 primo,
1293 1280 1343 1319 uos
1355 1261 1506 1334 jejunando
1515 1260 1671 1333 affligimus,
1683 1259 1826 1331 praesentis
1838 1259 1900 1315 tica
1914 1258 1961 1313 mi·

1177 1358 1280 1414 seriam
1299 1359 1462 1413 recolentes.
1478 1355 1507 1410 ln
1520 1354 1651 1421 secumlo,
1671 1362 1830 1409 sanctorum
1847 1350 1967 1408 beatitu-

1176 1449 1234 1505 dini
1247 1449 1464 1521 congaudemus,
1478 1446 1629 1518 gratiarum
1644 1445 1766 1501 actiones
1788 1442 1906 1500 Domino
1921 1458 1969 1498 re-

1177 1541 1307 1598 lerentes.
1319 1537 1349 1594 lu
1365 1540 1455 1606 tertio,
1470 1555 1520 1610 pro
1536 1538 1580 1594 itis
1592 1536 1640 1608 qui
1665 1535 1693 1592 iu
1718 1535 1879 1608 purgatorio
1898 1533 1971 1590 deti·

1178 1641 1279 1688 nentur
1292 1647 1415 1698 oramus,
1427 1632 1468 1687 eis
1480 1629 1562 1686 modo
1584 1629 1722 1684 mitiorem
1748 1641 1870 1698 poenam,
1887 1625 1970 1682 modo

1178 1724 1288 1797 plenam
1326 1722 1528 1779 absolutionem
1566 1719 1738 1776 orationibus
1775 1719 1970 1789 impetrantcs;

1180 1833 1299 1890 quorutn
1317 1816 1436 1874 ollicium
1462 1815 1552 1886 primo
1577 1813 1630 1869 luit
1654 1811 1689 1867 ab
1704 1810 1834 1882 apostolis
1858 1810 1973 1867 iustitu-

1181 1922 1251 1977 tum,
1275 1910 1322 1965 sod
1338 1910 1373 1964 ait
1402 1909 1520 1981 origine,
1537 1915 1566 1962 ut
1580 1915 1697 1962 testatur
1711 1904 1834 1960 isidorus
1851 1905 1879 1960 in
1897 1902 1971 1959 libro

1180 2002 1220 2058 lie
1233 2004 1323 2074 officiis
1339 2001 1535 2066 ecciesiasticis,
1551 1999 1605 2055 luit
1626 1999 1786 2064 adauctum,
1812 2003 1840 2052 et
1862 1994 1972 2067 plenius

1181 2094 1348 2150 ordinatum.
1359 2092 1398 2148 lie
1408 2107 1463 2164 quo
1474 2092 1542 2147 dicit
1551 2091 1723 2160 Augustinus
1736 2088 1763 2143 in
1777 2084 1972 2144 Eucltiridion.

1182 2186 1305 2243 Dicimus
1320 2186 1427 2258 origine
1446 2186 1474 2240 in
1494 2183 1689 2241 ecciesiasticis
1710 2181 1807 2238 oiliciis
1824 2187 1887 2254 post
1903 2194 1973 2253 apo-

1181 2282 1269 2339 stolos
1284 2278 1370 2337 luisse
1386 2279 1552 2348 secundum
1576 2278 1630 2335 ltoc
1645 2277 1763 2334 cilicium
1777 2291 1794 2332 a
1814 2274 1898 2331 reteri
1912 2273 1974 2345 lego

1183 2376 1302 2448 tltmpsit
1321 2377 1440 2435 initium.
1455 2374 1535 2445 Nam,
1557 2385 1666 2431 mortno
1680 2372 1778 2442 iacob,
1800 2372 1901 2429 llerere
1922 2371 1974 2428 iiiii

1182 2471 1353 2543 septuaginta
1370 2470 1466 2527 diebus
1479 2471 1507 2526 iu
1531 2468 1660 2542 AEgypto,
1675 2477 1779 2539 septem
1795 2467 1822 2522 in
1838 2466 1913 2523 Arad
1936 2465 1971 2525 ⁸⁸.

1182 2561 1400 2635 Mortquoyse,
1414 2561 1489 2617 llerit
1500 2561 1616 2632 populus
1631 2559 1742 2631 triginta
1752 2559 1849 2615 diebus
1863 2559 1896 2624 ⁸⁷,
1910 2557 1975 2615 inde

1184 2665 1228 2712 est
1243 2655 1317 2728 quod
1328 2656 1411 2713 hodio
1425 2654 1610 2726 septenarium
1636 2663 1663 2709 et
1683 2654 1860 2710 tricenarium
1875 2652 1974 2710 obser·

1184 2757 1233 2806 rat
1264 2765 1315 2827 pro
1336 2747 1473 2806 deiunctis
1502 2746 1636 2804 Ecclesia.
1656 2745 1858 2818 Septenarium,
1883 2754 1914 2801 ut
1938 2741 1975 2800 ad

1184 2846 1339 2902 arianarum
1349 2840 1490 2914 perteniat
1501 2839 1712 2905 sabbatismum,
1728 2840 1771 2895 vel
1784 2848 1814 2894 ut
1824 2838 1865 2895 eis
1880 2837 1977 2894 dimit-

1185 2946 1261 2996 tatur
1282 2933 1450 2992 universitas
1468 2932 1651 2990 delictorum:
1673 2931 1845 3002 septenarius
1872 2932 1974 2988 etenira

1185 3028 1373 3089 universitatis
1387 3035 1430 3084 est
1457 3041 1608 3094 uumerus;
1637 3025 1702 3097 quia
1724 3034 1811 3081 totum
1832 3025 1974 3082 bominem

1185 3122 1408 3195 comprehendit,
1423 3121 1516 3177 auitna
1530 3121 1603 3175 enirn
1624 3129 1679 3175 tres
1700 3120 1782 3175 babet
1792 3119 1876 3187 uires,
1889 3121 1977 3176 ratio·

1186 3215 1376 3279 nabilitatem,
1402 3210 1708 3280 concupiscibilitatem,
1737 3209 1975 3277 irascibilitatem

1146 3311 1286 3379 ccttrpus
1301 3315 1391 3361 autem
1413 3312 1532 3374 quatuor
1551 3303 1699 3372 elementa,
1712 3303 1756 3358 nei
1782 3311 1901 3374 quatuor
1920 3307 1976 3360 ltu·

1187 3414 1288 3464 mores,
1302 3397 1343 3453 rui
1357 3413 1420 3452 cum
1432 3394 1617 3465 septenarium
1633 3395 1816 3462 celebramus,
1828 3395 1978 3452 intercedi·

1187 3507 1250 3549 mus
1270 3506 1321 3562 pro
1347 3489 1467 3562 peccatis
1489 3503 1552 3559 qua
1573 3497 1663 3542 mente
1678 3490 1853 3551 commisere,
1867 3497 1895 3545 ει
1913 3505 1978 3545 cor·

1186 3594 1263 3658 pore.
1279 3583 1399 3656 ideoque
1422 3581 1489 3637 dicit
1515 3577 1666 3636 Salomon:
1684 3599 1693 3632 ι
1714 3579 1819 3637 Luctus
1831 3581 1880 3637 lilii
1901 3598 1978 3638 mor·

1187 3679 1228 3737 tui
1242 3687 1347 3751 septem
1366 3676 1463 3732 diebus
1477 3673 1511 3731 ⁹⁸.
1527 3692 1537 3727 ι
1561 3670 1740 3731 Triccuarius
1755 3674 1890 3732 extribus
1908 3690 1979 3732 cott-

1187 3781 1243 3830 slat
1253 3769 1385 3828 denariis.

1222 3863 1285 3922 llaec
1293 3863 1383 3937 imque
1393 3861 1508 3919 mortuis
1516 3860 1695 3928 celebramus,
1705 3867 1735 3915 ut
1744 3875 1791 3930 per
1800 3859 1893 3916 decem
1905 3875 1980 3932 prae·

1187 3968 1329 4030 ceptorum
1341 3956 1559 4012 observationem
1574 3955 1733 4026 perveniant
1746 3956 1780 4011 ad
1794 3965 1896 4013 sancte
1914 3955 1981 4012 Tri·

1187 4051 1281 4108 utitatis
1290 4049 1512 4122 perfruitionem,
1526 4051 1567 4105 nel
1581 4059 1611 4105 ut
1629 4065 1678 4120 per
1695 4049 1834 4104 orationes
1847 4050 1982 4105 emende-

1188 4143 1318 4215 tur,quod
1328 4143 1354 4198 iu
1364 4139 1979 4213 lide'l'tiuitatisetopet·ei)ecalogideliquere;

1187 4237 1297 4310 quidam
1310 4246 1400 4292 tamen
1412 4235 1500 4291 tribus
1513 4233 1609 4289 diebus
1623 4232 1741 4288 otiicium
1753 4231 1893 4290 celebrant
1905 4249 1980 4290 mor·

1189 4340 1298 4386 tuorum
1311 4329 1389 4399 juxta
1404 4327 1494 4385 illud:
1516 4345 1526 4380 ι
1545 4326 1597 4394 Qui
1612 4327 1729 4397 tetigerit
1747 4327 1864 4383 cadaver
1888 4328 1983 4385 honri·

1187 4425 1241 4490 nis,
1255 4434 1415 4496 aspergatur
1429 4423 1480 4478 ltac
1491 4436 1562 4492 aqua
1578 4421 1623 4477 die
1637 4421 1716 4476 tertia
1732 4420 1764 4475 ⁹⁸.
1784 4438 1794 4472 t
1816 4417 1849 4475 Et
1863 4418 1891 4474 iu
1907 4420 1980 4475 libro

1189 4517 1343 4589 Sapientia.
1361 4535 1371 4570 t
1390 4513 1443 4571 i'ac
1462 4514 1566 4570 luctum
1587 4512 1707 4569 bominis
1721 4512 1874 4568 secundum
1896 4512 1982 4568 meri·

347 4603 451 4658 ansere
464 4602 612 4674 ieiunium.
639 4605 713 4675 quot
728 4620 784 4660 non
808 4603 889 4658 tener
902 4605 1014 4670 niutan,
1029 4614 1060 4660 ut
1072 4605 1135 4676 toi·
1189 4623 1246 4668 tum
1258 4612 1329 4682 etus,
1342 4607 1464 4675 uttooie,
1478 4605 1648 4671 relocatos.
1661 4605 1980 4678 propterleuactionem

346 4695 409 4763 dem
425 4694 531 4752 iaciunt
553 4707 662 4768 propter
673 4707 799 4754 mactum
817 4697 989 4768 Quitttinum,
1003 4699 1084 4770 cuius
1095 4699 1136 4755 le·
1150 4683 1173 4739 Ῑ)
1188 4704 1235 4766 ¹⁸⁰,
1254 4721 1263 4755 t
1280 4700 1397 4757 subaudi
1410 4707 1508 4770 prater
1520 4698 1591 4754 diem
1609 4698 1712 4753 obitus.
1730 4695 1798 4752 Tres
1809 4708 1901 4752 autem
1921 4697 1982 4755 dies

345 4786 382 4842 ⁸¹³
405 4786 528 4842 ”iiiiii
540 4786 671 4856 ⁰ffi⁰i¹¹¹¹it
698 4798 779 4860 prout
795 4789 910 4846 habetur
936 4789 1054 4846 wichs
1071 4805 1137 4846 ⁵³¹¹·
1189 4795 1375 4860 celebramus,
1390 4801 1420 4846 ιιι
1438 4792 1494 4848 siut
1507 4789 1610 4847 Christi
1631 4791 1769 4857 membra,
1785 4790 1833 4860 qui
1854 4790 1881 4843 in
1897 4790 1983 4846 corde

346 4886 455 4933 ⁶¹⁰i¹¹¹¹¹
471 4896 478 4933 ²
494 4881 615 4949 lMinium
644 4880 718 4938 essim
741 4880 948 4951 ¹0⁸i⁰¹¹³⁰ii¹¹¹¹²
971 4888 1024 4947 0⁸¹·
1040 4896 1136 4937 wetti!-
1189 4898 1270 4944 terrae
1280 4885 1405 4942 triduana
1427 4883 1515 4955 jacuit
1526 4883 1686 4954 sepultura;
1704 4882 1745 4937 rei
1760 4891 1790 4937 ut
1805 4882 1923 4937 mortuis
1939 4897 1983 4937 rc·

346 4969 413 5025 dum
429 4971 574 5040 quosdam,
589 4972 623 5028 de
647 4982 744 5029 sancta
767 4972 912 5042 Trittitatc,
926 4973 1047 5029 mcuudo
1072 4976 1135 5029 ioco
1187 4976 1451 5044 mittanturpeccata
1461 4989 1523 5044 ‹puae
1535 4973 1697 5029 commisere
1709 4972 1884 5044 cogitatione,
1897 4973 1983 5027 verbo

346 5063 382 5122 de
396 5064 476 5120 beata
495 5064 592 5132 Maria,
605 5068 687 5123 tertio
700 5068 734 5123 de
756 5069 871 5141 angelis,
896 5080 997 5140 quarto
1014 5070 1049 5125 de
1071 5084 1135 5140 pro·

346 5157 449 5229 pinetis,
460 5158 558 5228 quinto
581 5158 615 5214 de
633 5162 775 5230 apostolis,
798 5172 876 5218 sexto
898 5162 933 5219 de
955 5163 1134 5235 martyribus,

345 5250 464 5320 septimo
491 5251 525 5306 de
554 5251 772 5322 confessoribus,
790 5263 889 5309 octavo
911 5254 946 5310 de
970 5253 1134 5326 virginibus,

345 5359 419 5398 nouo
434 5345 517 5400 simul
528 5344 561 5400 de
572 5345 701 5402 otnnibus
714 5346 812 5404 beatis.
824 5346 878 5402 illii
888 5356 994 5418 ponunt
1005 5348 1033 5403 ia
1045 5348 1136 5419 primo

345 5434 407 5491 loco
428 5436 462 5492 dc
477 5437 598 5493 uuitatc:
618 5455 628 5488 ι
646 5434 707 5493 Vidi
730 5437 878 5496 Dominum
902 5441 1042 5496 sedentem
1073 5440 1132 5494 '⁸.t

346 5526 473 5584 Secundo
496 5544 562 5584 tero
576 5527 611 5583 de
631 5527 775 5585 Trinitatc.
793 5528 863 5586 lluic
886 5530 957 5587 lesto
982 5529 1053 5585 bene
1072 5543 1138 5584 cou·

344 5618 419 5689 gruit
432 5620 548 5688 epistola
561 5619 595 5675 de
606 5635 723 5675 numero
740 5621 910 5694 signatorum
922 5621 968 5688 ⁸⁰,
979 5630 1007 5677 ει
1017 5635 1138 5693 evange·

344 5710 412 5768 lium
425 5713 459 5769 de
470 5729 584 5772 numero
595 5713 795 5771 beatitudinum
804 5715 838 5774 ”.

1186 5074 1215 5123 et
1227 5082 1325 5138 opere,
1341 5066 1383 5122 rel
1398 5065 1562 5122 commisere
1573 5074 1717 5136 peccantes
1732 5064 1759 5119 in
1776 5073 1899 5120 sanctam
1920 5062 1983 5120 Tri·

1187 5163 1312 5219 trilatera.
1328 5159 1377 5217 Vel
1393 5174 1444 5231 pro
1456 5158 1564 5229 spiritu,
1582 5158 1673 5214 anima
1684 5166 1711 5212 et
1724 5172 1850 5228 corpore.
1862 5155 1982 5225 Quidam

1188 5249 1529 5316 celebrantnovenarium,
1543 5257 1573 5303 ut
1587 5262 1603 5302 a
1616 5247 1706 5318 pontis
1721 5247 1829 5303 liberati
1841 5249 1984 5306 associen-

1189 5355 1234 5400 tur
1244 5359 1343 5400 uorcm
1356 5341 1500 5400 ordinibus
1513 5340 1689 5413 angelorum
1704 5356 1762 5396 nou
1776 5350 1868 5397 tamen
1883 5358 1985 5413 appro-

1190 5441 1280 5504 batur,
1298 5436 1346 5494 sed
1363 5436 1545 5503 interdicitur,
1560 5435 1690 5506 quoniam
1706 5436 1882 5507 agentilibus
1893 5436 1985 5493 iutro·

1190 5529 1303 5586 ductum
1316 5543 1378 5584 esse
1390 5528 1514 5593 ridetur,
1528 5525 1576 5595 qui
1591 5534 1716 5581 tuortuos
1729 5542 1795 5582 suos
1808 5542 1907 5584 norem
1923 5528 1984 5585 die·

1191 5628 1243 5684 bus
1255 5626 1400 5699 lugebant,
1412 5633 1439 5678 et
1456 5624 1485 5679 in
1504 5638 1576 5678 noua
1589 5623 1634 5681 die
1648 5623 1755 5681 cineres
1780 5624 1983 5692 recondebant,

1191 5729 1219 5777 et
1243 5720 1296 5776 itoc
1321 5716 1440 5791 spatium
1455 5715 1642 5785 uoremdiale,
1657 5716 1685 5773 id
1698 5725 1742 5773 est
1754 5732 1852 5773 norem
1874 5714 1984 5771 dierum

377 5843 1983 5935 wmnwmevmmummnwmm”mmnwmmrmt

344 5942 407 5999 tot.
446 5944 546 6001 ”little
558 5961 620 6015 sup.
638 5964 699 6018 cap.
714 5947 760 6003 et.
798 5947 940 6005 ”Acen
974 5948 1105 6018 wnpon
1124 5947 1150 6003 i.

338 6011 751 6089 mmmmmm.

1189 5948 1213 5980 '⁸
1227 5946 1322 6005 Mattlt.
1339 5949 1366 6002 i.
1404 5947 1425 5978 ’‘
1442 5947 1509 6003 Gen.
1525 5946 1571 6002 to.
1608 5945 1629 5987 ι’
1644 5943 1720 6001 uene.
1733 5945 1778 5999 iri.
1798 5944 1822 5979 ⁰⁸
1834 5941 1921 6000 Eccii.
1934 5942 1982 5999 ἢ
