4350 6709
219 549 276 610 tar
414 525 417 532 ¹
925 545 1137 609 cnoontcou.
1797 561 1850 618 g„

221 667 393 725 llierusalem
417 683 431 723 a
455 669 585 724 Saladino
608 676 686 740 capta
702 678 754 736 est,
770 677 797 724 et
819 676 889 724 terra
908 661 1235 725 hominiAChristiam's
1264 662 1446 722 irreverenter
1473 666 1670 736 prolanatum',
1696 685 1747 727 suo
1775 687 1863 732 moro,

220 764 258 820 ab
272 763 588 819 inlidelibusocconata.
1065 760 1242 817 sanctificans
1270 767 1298 815 ct
1329 760 1530 816 sanctideatnm
1554 762 1734 829 custodiens;
1761 765 1854 834 sepul-

594 884 629 895 -
1063 871 1141 910 erum
1156 862 1247 910 antem
1261 851 1381 920 Domini,
1397 860 1424 906 et
1435 851 1591 908 Bethlehem
1604 856 1736 911 custodiae
1755 855 1853 914 Suria·

347 946 412 1003 iter
431 946 598 1017 adjiciantur
610 947 637 1000 io
648 947 739 1000 codice
753 945 869 1002 Estearr'.
1063 965 1162 1004 norum
1183 947 1332 1005 commisit.
1349 945 1389 1002 Ad
1407 947 1465 1002 lraec
1476 947 1538 1018 pins
1553 958 1662 1004 centnm
1678 950 1853 1008 Christiano·

255 1041 346 1097 Causa
371 1038 455 1109 lrtijns
480 1039 633 1094 invasionis
655 1036 707 1092 snit
728 1039 859 1110 iniquitas
875 1038 1012 1094 Christia·
1063 1057 1124 1095 rum
1140 1041 1223 1096 miliia
1240 1041 1384 1110 subjugata
1409 1040 1484 1094 abire
1498 1041 1632 1110 permisit,
1645 1052 1672 1097 et
1686 1042 1748 1099 ilios
1764 1059 1854 1115 usquo

219 1145 332 1186 norum.
348 1129 418 1184 Cum
440 1129 513 1183 enim
541 1129 610 1185 inter
628 1127 790 1185 saladinum
810 1138 837 1186 et
856 1128 1013 1202 iiierosoly·
1064 1133 1196 1204 Tripolim
1209 1134 1332 1205 perduci.
1345 1133 1398 1188 Sed
1414 1131 1620 1202 a'iripoiitanis
1634 1143 1659 1189 et
1675 1134 1854 1194 Antiocheois

218 1222 355 1278 mitanum
371 1235 461 1289 regem
475 1235 527 1289 pax
543 1221 650 1275 iirmata
663 1220 770 1285 inisset,
789 1237 850 1278 earn
861 1221 1012 1277 Christiani
1063 1226 1207 1297 exspoliati
1228 1226 1369 1295 pedestres
1388 1234 1416 1279 et
1438 1224 1538 1295 abjecti
1553 1225 1710 1281 Armeniam
1732 1227 1855 1284 intrare·

216 1311 299 1382 jussu
329 1311 466 1383 ilaynaidi
488 1313 620 1384 principis
635 1312 836 1383 liontisregaiis¹
861 1322 889 1369 ct
907 1314 1011 1368 domini
1047 1327 1138 1396 Ιτιιιιις
1150 1327 1177 1373 et
1189 1331 1276 1386 usque
1289 1314 1453 1372 adiconium
1470 1316 1597 1386 dispersi,
1613 1316 1695 1381 iame,
1711 1317 1813 1390 lrigore
1825 1327 1855 1376 ct

219 1400 307 1459 Vallis
320 1401 442 1468 ilebron,
462 1418 616 1459 caravanas
631 1404 847 1460 Sarracenornm
860 1406 1011 1474 capientes,
1063 1412 1186 1466 nuditate
1196 1410 1272 1481 justo
1288 1408 1337 1465 bet
1349 1408 1455 1479 judicio
1470 1409 1503 1464 ad
1520 1410 1637 1465 nihilum
1650 1412 1754 1467 redacti
1774 1421 1851 1481 sont,
1892 1408 1894 1413 ’

218 1497 348 1567 nequiter
364 1496 511 1551 violarunt.
530 1495 590 1552 Alia
608 1513 694 1552 cansa
710 1496 850 1553 discordia
866 1496 918 1552 suit
939 1498 1012 1569 regis
1062 1500 1169 1556 luentes
1189 1517 1317 1572 pernam,
1345 1510 1525 1572 posteaquam
1545 1502 1703 1570 polluerunt
1727 1501 1773 1558 liei
1797 1504 1853 1558 lrae·

219 1586 357 1645 Cottonis
371 1597 400 1643 et
414 1588 569 1643 boamundi
590 1589 701 1645 cooritis
725 1588 898 1661 Tripolitani.
922 1589 1011 1645 Causa
1063 1594 1218 1649 reditatem.
1233 1594 1266 1649 Et
1289 1594 1351 1649 ride
1371 1595 1443 1664 qnod
1463 1610 1510 1664 per
1531 1592 1685 1650 lirrariinm
1701 1595 1853 1666 imperato·

219 1696 287 1736 rero
308 1681 457 1737 discordiae
484 1680 536 1736 init
559 1681 661 1736 invidia
685 1680 729 1736 vel
755 1681 922 1753 indignatio,
947 1682 1011 1753 qnia
1062 1700 1119 1760 rem
1133 1702 1199 1741 crux
1219 1685 1270 1740 init
1288 1694 1467 1756 recuperata;
1485 1686 1532 1741 sed
1547 1686 1599 1741 snb
1617 1684 1742 1741 iicraciio
1754 1688 1852 1745 eodem

220 1773 319 1831 Sibilia
345 1775 458 1846 regina,
479 1775 609 1831 dciuncto
642 1777 757 1842 niarito,
779 1776 897 1832 Cnidoni
923 1776 1012 1832 Picta·
1062 1776 1114 1833 iuit
1132 1787 1224 1848 postea
1242 1777 1441 1834 iliernsalema
1461 1778 1672 1835 Hadrumetinis
1685 1779 1801 1847 invasa;
1823 1789 1852 1838 et

219 1866 310 1922 riensi
332 1877 478 1936 nupserat,
493 1875 530 1932 ct,
544 1865 674 1922 deiuncto
689 1869 762 1930 illio,
778 1883 910 1923 coronam
929 1868 1012 1924 dede·
1063 1886 1136 1927 nunc
1151 1873 1203 1927 sub
1218 1869 1331 1927 Urbano
1345 1887 1415 1941 papa
1430 1881 1600 1943 recuperata,
1615 1888 1688 1928 onoc
1700 1873 1751 1929 sub
1764 1871 1851 1932 Urba·
1938 1935 1952 1955 x

219 1967 265 2015 rat
278 1958 424 2030 peregrino
449 1966 548 2028 praeter
568 1958 656 2028 ipsius
679 1958 791 2015 comitis
815 1975 961 2016 assensum
984 1969 1012 2017 et
1064 1979 1101 2019 oo
1114 1980 1162 2033 per
1177 1965 1287 2021 eosdem
1304 1964 1436 2019 barbaros
1450 1972 1492 2019 est
1506 1964 1659 2034 subjugata.

220 2050 341 2105 aliorum
370 2052 517 2105 baronum.
544 2047 642 2106 llodus
663 2051 855 2120 occupationis
879 2052 925 2108 hie
949 2051 1009 2106 iuit.
1099 2053 1202 2111 interea
1225 2056 1420 2124 magnanimus
1441 2054 1475 2108 de
1493 2053 1688 2111 llonteierrato
1704 2054 1851 2115 Corradus

220 2141 370 2199 Saladious
383 2151 483 2197 terram
504 2143 669 2213 ingrediens.
692 2144 782 2213 primo
798 2142 955 2210 Tabariam,
970 2145 1012 2200 rei
1062 2145 1194 2218 'iprensis
1206 2146 1337 2201 dontinus
1353 2145 1442 2200 navali
1457 2144 1528 2203 hello
1547 2145 1589 2201 bis
1612 2146 1754 2202 victoriam
1777 2148 1851 2204 obti-

220 2234 394 2292 'i'ibcriadem
408 2236 523 2292 obsedit.
543 2234 601 2290 ilex
615 2234 704 2291 Cnido
716 2237 743 2291 in
758 2236 890 2292 liasealia
905 2246 1012 2293 castra·
1062 2245 1170 2305 nuerat,
1198 2247 1225 2294 et
1243 2238 1334 2309 galeas
1357 2247 1385 2293 et
1402 2251 1486 2293 nares
1513 2238 1678 2305 nonnullas,
1707 2241 1790 2295 etiam
1815 2242 1851 2297 do

219 2337 352 2385 metatur.
366 2328 437 2384 Audi
449 2329 614 2400 praesagium
629 2328 725 2384 vicinae
739 2328 810 2384 cladi
822 2329 1011 2385 irulicativum.
1061 2329 1197 2386 hennensi
1210 2339 1291 2400 portu
1305 2328 1469 2385 Pisanorum
1485 2331 1589 2385 auxilio
1600 2331 1714 2388 viriliter
1723 2333 1849 2400 eductas,

219 2421 291 2478 Cum
306 2437 340 2478 ea
356 2431 435 2478 nocte
454 2419 580 2477 lieraclio
600 2421 766 2492 patriarchae
785 2423 838 2478 sub
852 2422 970 2477 tentorio
984 2423 1012 2478 in
1061 2437 1089 2482 ct
1102 2424 1211 2480 virilius
1225 2424 1367 2491 obtentam
1383 2437 1410 2480 et
1421 2423 1550 2480 victualia
1565 2424 1730 2481 sufficienter
1743 2426 1850 2483 cirillus
1895 2481 1899 2487 ,

220 2513 367 2569 matutinis
389 2514 471 2569 lectio
485 2513 632 2582 legeretur,
649 2513 727 2567 iocus
750 2513 871 2569 occurrit
890 2513 923 2568 de
940 2514 1012 2570 Arca
1061 2520 1257 2590 conquisierat.
1275 2517 1328 2574 Sed
1340 2527 1367 2573 et
1380 2519 1562 2573 barbacanam
1574 2516 1673 2573 lortius
1688 2527 1851 2574 construxe-

219 2604 356 2670 i'oederis,
371 2619 432 2675 qum
450 2605 515 2659 ⁰¹5¹ss
536 2614 614 2673 capta
640 2600 722 2657 inita
742 2601 918 2659 Philisthaeis.
933 2602 1012 2661 iiiito
1061 2621 1114 2677 rat,
1130 2621 1291 2681 exspectans
1316 2608 1455 2664 rictoriosi
1480 2609 1598 2679 impetos
1621 2607 1737 2663 inimici.
1764 2607 1851 2678 igitur

220 2696 297 2753 iacto
316 2697 457 2767 pugnavit.
476 2693 579 2753 Comes
602 2694 793 2767 Tripolitanos
807 2695 925 2766 auingit.
941 2695 1010 2764 iler,
1062 2703 1090 2758 io
1105 2718 1199 2759 mense
1213 2700 1378 2757 Novembrio
1394 2698 1542 2755 Saladious
1553 2700 1587 2755 ad
1599 2698 1664 2771 'ipri
1676 2699 1848 2755 obsidionem

220 2799 250 2847 et
265 2787 366 2846 Sancta
380 2790 465 2856 Crux,
480 2798 508 2845 et
520 2804 591 2859 saepe
605 2788 695 2845 (lictus
713 2788 836 2844 marchio
849 2787 1012 2845 Guilieimus
1061 2795 1210 2851 recondam
1228 2793 1361 2860 accessit;
1385 2792 1433 2847 sed
1448 2801 1476 2846 et
1492 2801 1571 2846 nocte
1591 2791 1766 2861 persentiente
1789 2805 1850 2844 mu·

222 2882 755 2955 Seniordeilooteiorrato,quieausa
780 2883 1012 2954 peregrinationis
1060 2901 1157 2942 rorum
1188 2886 1352 2941 Barbaeaoae
1381 2883 1562 2954 quadraginta
1595 2883 1679 2939 cuhiti
1709 2896 1848 2938 corruere.

222 2990 251 3034 et
273 2993 324 3050 pro
348 2978 456 3048 nepotis
481 2978 606 3035 custodia
631 2986 733 3033 terram
752 2984 878 3033 sanctam
896 2976 1011 3043 adierat,
1061 2976 1196 3033 liemorcs
1218 2977 1309 3047 itaque
1328 2974 1403 3048 Tyrii
1425 2973 1563 3041 Hiericho,
1578 2972 1730 3044 plurimum
1750 2972 1850 3028 timue·

222 3073 369 3143 catcdqne
382 3073 499 3128 barones
525 3072 742 3127 unanimiter'et
761 3071 880 3142 populus
898 3071 1012 3141 capiuo-
1061 3080 1145 3128 runt.
1157 3071 1211 3128 Sed
1232 3070 1356 3126 marchio
1371 3084 1426 3122 non
1439 3067 1592 3134 dormiens,
1617 3066 1684 3121 viris
1700 3081 1733 3121 ac
1748 3063 1848 3119 mulie·

222 3173 278 3219 tur.
295 3163 516 3219 Christianorum
532 3178 611 3218 arces
631 3170 807 3232 superantur,
835 3162 934 3218 deinde
958 3160 1012 3217 'ia-
1062 3167 1140 3223 ribus
1163 3180 1285 3230 arenam,
1304 3171 1331 3218 ct
1353 3160 1458 3233 lapides
1473 3161 1501 3214 in
1519 3160 1633 3231 grenriis
1647 3160 1729 3214 etiam
1750 3171 1849 3228 aspor-

221 3256 300 3312 baria
315 3256 433 3324 capitur.
450 3254 608 3327 ilapnaldus
622 3254 780 3326 praedictus,
796 3265 874 3310 actor
889 3254 1010 3322 sceleris,
1063 3260 1197 3323 rantibus,
1213 3258 1257 3313 die
1270 3253 1395 3327 proxinia
1409 3270 1456 3326 per
1472 3253 1661 3310 cementarios
1673 3251 1848 3308 restauravit.

222 3346 617 3418 s“ildiniill⁵⁵¹¹i¹0⁰⁰¹l=ii¹¹l3
645 3347 693 3403 sed
716 3356 743 3403 02
765 3347 845 3402 mliii
862 3347 1044 3417 aiiicapitec
1062 3353 1211 3409 Saladious
1237 3356 1375 3404 arcatores
1410 3345 1552 3418 praemisit.
1585 3343 1708 3399 biarclrio
1733 3343 1849 3399 Pisanos

222 3441 433 3496 delillsssslililff·
445 3440 486 3495 Ad
503 3442 561 3495 '¹³³⁰
574 3447 603 3495 0¹
616 3439 704 3507 aeon,
717 3447 745 3494 θῑ
760 3437 858 3506 Sid0¹b
880 3446 909 3494 ‘l
924 3437 1010 3511 Beli·
1060 3447 1181 3503 dconem
1197 3443 1309 3508 direxit,
1322 3440 1426 3496 iaciens
1441 3439 1571 3494 mulieres
1583 3438 1610 3492 io
1621 3437 1712 3509 specie
1725 3436 1849 3490 uirorum

221 3547 278 3601 tot,
291 3541 321 3589 et
334 3531 440 3589 ilibinrn
452 3533 609 3603 capiuntur.
625 3532 730 3588 interea
742 3539 809 3587 nutu
822 3530 871 3587 ilei
885 3533 1011 3588 marchio
1061 3553 1157 3595 munos
1170 3533 1329 3600 ascendere,
1343 3540 1373 3587 ut
1383 3530 1483 3587 civitas
1495 3529 1596 3601 populo
1608 3529 1746 3583 rideretur
1756 3524 1848 3596 plena.

221 3627 256 3684 de
273 3626 469 3684 iiontcierrato
482 3627 626 3684 Corradus
638 3643 654 3683 a
666 3626 905 3696 Constantinopoli
920 3626 1011 3697 sepul-
1062 3629 1214 3695 ilediernot
1225 3625 1318 3681 Pisani
1334 3639 1396 3679 cum
1413 3621 1538 3688 victoria,
1560 3620 1630 3677 duas
1643 3633 1727 3673 naves
1741 3616 1849 3672 condu-

220 3738 300 3781 cruur
323 3720 431 3778 ilomioi
454 3721 616 3776 visitaturus
636 3720 766 3789 advenit,
794 3731 823 3778 ct
841 3735 1012 3793 cognoscens
1061 3730 1155 3777 eeotes
1178 3724 1303 3775 onustas.
1328 3713 1499 3786 impugnavit
1515 3712 1608 3782 itaque
1631 3707 1781 3764 Saladious
1795 3704 1850 3763 ilr-

220 3815 299 3870 Acon
322 3813 358 3868 ab
384 3812 540 3868 inirdclibus
565 3822 751 3883 occupatum,
778 3813 901 3868 secundo
931 3800 1020 3866 vento*
1061 3813 1123 3869 bem
1148 3819 1220 3866 terra
1247 3807 1382 3878 marique,
1402 3803 1630 3876 praesertimquia
1653 3799 1851 3857 cumcretleret

221 3905 295 3976 apud
322 3902 425 3976 Tyrium
441 3903 582 3975 applicuit,
604 3919 686 3974 quem
702 3904 777 3960 cives
792 3904 867 3960 velut
888 3901 1010 3972 acephali
1061 3905 1248 3963 marchionem
1268 3901 1336 3957 uelle
1362 3899 1467 3970 pariter
1496 3908 1523 3952 et
1548 3893 1663 3951 Pisanos
1695 3891 1848 3964 aufugere,

221 4007 363 4071 gratanter
375 3999 524 4068 excipiunt,
540 4013 580 4066 se,
601 4008 628 4053 et
647 3999 786 4054 civitatem
801 3999 862 4070 ejus
885 3999 1011 4054 modera·
1061 3998 1216 4057 custodiam
1230 3994 1315 4066 galeis
1329 3991 1439 4058 indixit,
1452 4005 1485 4045 ex
1500 3989 1601 4060 quibos
1614 3989 1736 4059 quinque
1749 3985 1848 4055 captis,

220 4091 291 4148 utini
307 4100 504 4163 supponentes.
531 4089 1011 4163 Saladinusitaqnedeileryto'ip-
1061 4092 1129 4147 viris
1160 4087 1299 4144 nobilibus
1328 4091 1356 4139 ct
1382 4081 1500 4153 piratis,
1530 4079 1615 4134 armis
1637 4085 1665 4133 ct
1684 4075 1850 4131 victualibus

221 4202 284 4242 rum
303 4187 459 4253 accedens,
487 4184 675 4241 marchionem
689 4186 865 4242 Cuilieimnm
891 4186 1010 4242 Conradi
1062 4184 1182 4257 ononis,
1196 4178 1342 4237 Saladious
1356 4176 1627 4236 doiorecommotus,
1640 4167 1764 4224 terrestri
1777 4165 1850 4222 bello

221 4292 340 4355 patrem,
357 4297 438 4352 quern
450 4282 521 4338 bello
531 4293 652 4352 ceperat,
665 4297 758 4337 secum
775 4282 899 4346 adduxit,
918 4290 948 4336 ut
962 4295 1011 4351 pro
1062 4278 1248 4333 barbacanam
1267 4269 1378 4335 invasit,
1403 4269 1567 4337 impugnans
1588 4278 1647 4319 eam
1669 4259 1799 4332 petrariis
1821 4263 1851 4314 et

221 4379 412 4447 redemptione
441 4377 527 4447 patris
561 4376 742 4431 redditionem
771 4376 820 4430 hiii
853 4375 1012 4430 haberetet
1062 4367 1216 4440 manganis,
1230 4363 1323 4437 gattis.
1343 4359 1467 4430 slieni-i·
1484 4357 1590 4425 sagittis
1604 4364 1631 4410 ⁰²
1642 4354 1711 4408 ¹⁰¹¹&
1724 4351 1851 4420 cum‘flffl

223 4472 319 4537 urbis;
333 4481 359 4526 et
375 4487 423 4540 per
442 4480 545 4541 patrem
561 4470 616 4524 illio
631 4469 805 4541 significavit,
819 4477 849 4523 ut
863 4484 913 4539 pro
925 4467 1012 4537 ipsius
1061 4462 1177 4516 nimium
1197 4456 1321 4511 rnarehio
1342 4461 1513 4523 gravaretur,
1528 4449 1612 4504 saiso
1629 4447 1717 4502 aaraii
1732 4445 1849 4502 victoria

222 4577 250 4624 et
265 4564 448 4636 quorumdam
467 4565 583 4619 aliorum
598 4563 759 4618 liberatione
777 4563 901 4618 redderet
912 4563 1011 4617 cirita·
1062 4551 1208 4614 remediis·
1225 4547 1346 4602 terrestri
1368 4545 1462 4616 illaelio
1477 4540 1628 4602 dimicabit
1644 4539 1765 4593 ³ffi⁰i⁰¹¹³
1780 4536 1849 4592 sal·

222 4668 289 4715 um,
314 4656 366 4712 cn}
388 4655 532 4712 conradus
546 4655 689 4725 respondit
702 4655 775 4725 qnod
792 4669 842 4709 nec
869 4670 955 4709 unum
971 4655 1011 4708 tq.
1062 4655 1179 4698 raeeoos
1193 4638 1334 4707 vntritiplici
1348 4638 1450 4690 ‹larono
1463 4634 1523 4688 sine
1543 4631 1709 4686 detrimento
1722 4643 1847 4684 snorum.

222 4753 314 4822 pidem
329 4751 448 4806 civitatis
463 4751 550 4806 daret.
569 4748 741 4819 appropians
755 4745 902 4802 Saladious
922 4747 1010 4800 mina-
1026 4701 1049 4756 D
1064 4732 1166 4788 Vidells
1180 4732 1271 4800 itaque
1285 4727 1443 4793 saladinus·
1458 4725 1531 4796 (ΨΜ
1547 4721 1637 4777 'milli
1656 4720 1727 4826 ¹{⁰¹¹⁰
1745 4735 1850 4792 milla·

222 4848 269 4899 'tus
289 4851 318 4899 et
336 4851 439 4914 patrem
462 4842 575 4913 spiculis
597 4841 827 4910 transigendum,
858 4847 886 4894 et
909 4839 1011 4894 Conra·
1063 4841 1146 4897 tissam
1162 4823 1316 4894 ill0¹i⁰0l0h
1329 4819 1415 4890 5⁰⁸⁸st
1432 4835 1459 4872 ¹¹
1474 4817 1566 4888 galeas
1580 4814 1676 4869 ‘¹⁰1¹ssOE
1697 4812 1848 4884 Bellium,
1896 4859 1899 4865 ·

222 4936 465 5006 (1⁰39,ququ
481 4935 610 5005 sagqqqm
631 4934 657 4987 q„
680 4942 787 5004 paqgm
804 4933 967 4987 messurum,
987 4930 1009 4988 0
1062 4933 1132 4991 quas
1146 4915 1296 4970 Christiani
1316 4911 1432 4967 viriliter
1450 4916 1656 4980 persequentes,
1673 4921 1760 4976 usque
1781 4906 1850 4962 adeo

223 5030 289 5089 ieiix
306 5031 443 5101 impietas,
458 5044 520 5099 quae
534 5044 584 5098 pro
600 5027 823 5083 Christianorum
847 5027 937 5081 sainte
961 5042 1010 5096 pn.
1062 5017 1247 5074 coarctarunt,
1263 5006 1337 5077 quod
1354 5013 1417 5060 octo
1431 5018 1465 5059 ex
1482 5001 1537 5056 iilis
1560 5002 1622 5072 igne
1640 4998 1752 5071 proprio
1768 4997 1849 5053 Saia·

223 5132 293 5179 trem
313 5122 376 5178 telis
398 5120 578 5177 barbarorum
608 5117 784 5186 expositum,
810 5114 885 5169 iiliaii
907 5114 1010 5168 omissa
1061 5106 1144 5162 (linus
1157 5100 1283 5160 comburi
1300 5097 1362 5154 iecit
1372 5095 1485 5169 agresti,
1498 5109 1571 5150 riona
1586 5093 1677 5148 littore
1691 5089 1849 5146 sidoniensi

222 5215 393 5281 reverentia,
419 5228 449 5270 sc
460 5215 548 5284 jactat
571 5209 788 5267 translirnruml
807 5207 859 5262 Sed
874 5221 891 5262 o
904 5221 1009 5262 memo·
1061 5200 1213 5257 confracta.
1240 5195 1312 5267 Ergo
1328 5193 1409 5250 stolio
1425 5190 1546 5248 Saladini
1558 5190 1708 5254 destructo,
1734 5199 1849 5289 cernens

221 5309 309 5366 raoda
328 5309 374 5379 pia
396 5307 541 5376 impietas,
567 5317 630 5373 quae
659 5299 747 5355 amori
776 5298 863 5369 patris
887 5311 1009 5352 amorem
1062 5293 1136 5365 quod
1151 5292 1179 5346 in
1194 5290 1336 5345 obsidione
1355 5285 1488 5359 prohqere
1511 5298 1565 5339 troo
1582 5282 1693 5346 valeret,
1713 5277 1849 5379 machinis

221 5398 273 5458 Ilei
284 5399 391 5471 judicat
405 5396 603 5469 praeferendum
617 5394 623 5447 l
639 5391 692 5448 Sed
708 5391 831 5459 eiusdem
846 5390 932 5461 patris
946 5389 1011 5445 hor·
1061 5383 1199 5443 universis
1225 5380 1388 5446 combustis,
1413 5377 1501 5449 pridie
1526 5371 1642 5429 Kalend.
1667 5368 1790 5475 ianuarii
1813 5368 1849 5421 ab

221 5499 282 5548 tate
297 5498 403 5561 patrem
416 5495 523 5559 reputat
535 5482 777 5554 contemptibilem,
789 5481 903 5564 etquasi
916 5495 1009 5537 senem
1061 5478 1206 5534 obsidione
1227 5474 1358 5540 recessim
1372 5471 1439 5528 etin
1453 5470 1562 5541 sigrurm
1584 5477 1714 5568 moerens
1729 5462 1848 5566 caudam

221 5584 300 5642 nulio
312 5582 401 5655 pretio
414 5580 615 5638 redimendum.
630 5577 704 5650 ipro
719 5576 811 5648 itaque
827 5584 929 5646 septem
953 5575 1027 5630 die··
1061 5585 1133 5642 equo
1147 5567 1280 5640 proprio,
1302 5580 1383 5636 quern
1400 5561 1561 5635 equitabat,
1582 5555 1648 5659 lectt
1661 5553 1797 5621 abscindi,
1818 5558 1850 5609 ut

221 5677 277 5736 bus
298 5678 423 5740 obsessa,
443 5674 526 5731 rediit
546 5671 695 5728 Saladious
717 5670 861 5735 Aeonem3
887 5666 1011 5737 indeque
1061 5666 1103 5722 sic
1118 5679 1184 5720 suos
1196 5662 1230 5718 ad
1242 5655 1436 5716 vindicandum
1451 5652 1580 5725 injuriam
1595 5649 1732 5704 incitaret.

222 5769 378 5840 subjugatis
399 5765 523 5838 Neapoli,
538 5773 566 5820 et
586 5761 733 5828 Nazareth,
757 5758 863 5830 Capita,
884 5757 1010 5813 Cesarea
1428 5775 1464 5786 -

220 5861 384 5928 Palestinae,
404 5859 492 5930 ioppe
500 5866 529 5913 et
538 5858 635 5923 azoto,
647 5855 721 5912 Gaza
735 5854 817 5909 simui
829 5861 856 5907 et
867 5850 1010 5912 Ascalone,
1274 5843 1399 5915 Sequitur
1414 5848 1522 5910 uterque
1544 5836 1634 5891 codex.

221 5958 342 6029 aliisque
358 5955 427 6011 iocis
443 5952 596 6009 ierusalem
613 5947 776 6021 aggregatis,
795 5961 856 6003 eam
873 5943 1012 6000 deditione
1097 5942 1198 5998 Eodem
1225 5952 1299 5994 anno
1313 5943 1398 6008 portae
1422 5931 1541 5988 civitatis
1566 5928 1708 5985 Cremona
1737 5922 1849 5981 inerunt

221 6049 369 6108 motoria
390 6044 556 6119 subiugavit.
581 6040 726 6114 Templum
756 6038 865 6097 ilomioi
891 6034 971 6109 priua
991 6049 1009 6091 a
1061 6033 1211 6092 aedihmtae.
1236 6027 1340 6086 Eodem
1368 6037 1478 6098 quoque
1494 6036 1576 6102 *anuo
1600 6017 1751 6092 oregnano
1773 6014 1848 6088 apud
