4350 6709
289 545 327 605 25
818 557 957 615 siceitbt
976 561 1224 622 cueuoususts
1240 565 1396 624 episcopi
1878 581 1915 637 tt

292 665 493 723 ambulandum
506 661 580 724 eirca
607 669 739 741 tempium
761 670 885 730 instituta
913 676 935 743 ⁸,
965 694 1027 749 quae
1049 681 1312 742 inhumanitatis
1340 683 1480 740 solatium.
1505 682 1534 740 in
1561 686 1684 744 ecelesiis
1709 697 1800 748 autem
1823 692 1916 749 nullut

290 753 439 829 Evangelio
462 758 609 830 pinnacula
643 765 855 833 nominantur',
882 777 948 824 sunt
975 770 1078 841 gradus
1129 775 1211 830 debet
1236 776 1357 848 sepeliri,
1375 776 1430 834 nisi
1451 777 1487 834 sit
1505 792 1623 850 persona
1638 781 1702 838 altis
1726 783 1850 852 praedita,
1874 785 1917 840 in·

290 849 420 910 Ecclesiae
446 855 601 922 militantis,
622 859 695 915 unde
714 860 765 916 tria
781 861 902 919 tabulata
925 864 953 918 in
977 865 1077 935 templo
1128 867 1199 923 tuitu
1215 869 1307 926 meriti
1329 867 1372 926 rei
1387 869 1571 938 sacramenti;
1585 871 1633 927 sed
1656 872 1692 928 de
1710 875 1744 930 iis
1769 876 1876 948 plenius
1888 877 1915 933 in

293 943 450 1003 Salomonis
464 947 550 1007 luisse
566 951 694 1024 leguntur
707 953 729 1020 ¹,
746 958 884 1028 superius,
907 959 1039 1025 medium.
1051 970 1079 1018 ct
1129 968 1248 1017 tractatu
1264 970 1438 1018 mortuorum
1458 962 1566 1020 dicetur
1579 964 1705 1021 inierius.
1775 949 1777 951 ⁵

289 1037 416 1109 iuferius,
431 1052 544 1113 propter
555 1053 611 1099 tres
630 1045 751 1116 ordines,
766 1048 914 1120 uirginum,
933 1052 1077 1108 contineo·
1164 1051 1264 1109 Turres
1279 1052 1455 1122 alicubiuna,
1470 1055 1571 1112 alicubi
1585 1056 1766 1123 duae,alieubr
1781 1071 1910 1133 quatuor.

289 1140 356 1194 tium
371 1149 399 1194 et
409 1139 628 1210 conjugatorum.
642 1139 757 1206 luricae,
770 1142 812 1198 rei
827 1143 949 1201 iuricdlae
962 1156 1026 1202 sunt
1038 1147 1078 1204 la·
1127 1149 1189 1206 duae
1202 1149 1230 1204 in
1240 1151 1383 1215 anteriori,
1396 1159 1423 1209 et
1434 1151 1495 1207 duae
1509 1151 1536 1206 in
1549 1153 1694 1222 posteriori
1710 1158 1829 1226 partein
1844 1158 1913 1216 iocis

288 1238 346 1316 tera
361 1228 546 1286 tabulatorum
562 1245 611 1301 per
630 1246 726 1303 gyrum
750 1231 833 1301 iacta,
849 1237 922 1291 muri
942 1239 986 1293 uei
1009 1253 1077 1295 ean·
1127 1241 1310 1298 eminentibus
1321 1252 1536 1311 construuntur;
1550 1244 1652 1315 quihus
1664 1261 1744 1316 crux,
1760 1259 1808 1305 aut
1826 1251 1916 1322 gallus

287 1323 362 1386 celii,
379 1322 421 1378 rei
440 1324 546 1394 quaeris
567 1324 756 1399 apodiatoria,
773 1328 945 1387 nedoetores
959 1330 987 1385 in
999 1333 1078 1387 tabu·
1127 1332 1335 1404 superponitur,
1355 1333 1384 1390 in
1410 1336 1512 1407 quibus
1532 1350 1674 1408 campanae
1697 1342 1914 1411 suspenduntur.

287 1418 350 1473 latis
361 1418 497 1482 sedentes,
513 1428 541 1472 et
563 1419 664 1490 populo
690 1419 881 1490 praedicantes,
893 1423 973 1492 justa
986 1425 1074 1480 iliud:
1127 1421 1224 1482 Turris
1237 1441 1291 1482 una
1308 1436 1351 1483 εει
1363 1427 1650 1499 praedicatorumuita,
1665 1429 1707 1485 rel
1733 1431 1792 1502 ipse
1816 1435 1914 1504 prudi-

246 1574 251 1584 .
288 1507 462 1565 ‹Praedicate
474 1525 557 1580 super
575 1513 676 1578 tecta¹,
692 1530 702 1564 a
719 1512 848 1569 labantur
869 1514 903 1569 ad
921 1515 977 1571 ima
1004 1516 1077 1573 sieut
1126 1525 1215 1584 cator,
1230 1525 1257 1573 et
1271 1518 1450 1589 pinnaeulum
1465 1519 1525 1589 ejus
1539 1519 1606 1588 vita,
1622 1535 1671 1577 seu
1689 1538 1768 1580 mens
1779 1540 1841 1596 quae
1856 1536 1913 1583 ten-

285 1602 414 1658 iiehoziae
433 1603 490 1674 regi
512 1602 655 1669 Samariae,
670 1604 717 1675 qui
736 1619 785 1676 per
804 1606 941 1664 cancellos
966 1607 1076 1674 decidit,
1125 1606 1445 1674 ditadaita,haeecste
1472 1610 1558 1666 turris
1582 1609 1678 1675 David,
1708 1620 1739 1668 ut
1762 1613 1862 1687 iegitur
1885 1619 1913 1672 io

285 1691 405 1764 iegitur¹
423 1693 567 1760 accidisse,
584 1709 632 1765 per
645 1694 696 1750 has
710 1696 802 1751 divina
817 1697 944 1768 praesidia
960 1697 1077 1770 liguran-
1126 1696 1249 1755 Canticis
1267 1701 1299 1767 ¹¹,
1313 1701 1444 1759 aedificata
1458 1718 1520 1760 cum
1532 1705 1747 1777 propugnaculis
1766 1707 1794 1762 io
1819 1718 1913 1764 monte

285 1795 341 1852 tur,
353 1802 416 1857 guae
430 1801 481 1843 nos
493 1787 520 1841 in
535 1787 587 1843 boe
605 1789 706 1844 saeculo
719 1790 878 1846 laborantes
890 1802 918 1847 et
933 1808 983 1863 pro
995 1803 1076 1863 captu
1126 1788 1235 1856 Libani,
1249 1808 1310 1864 quae
1321 1795 1433 1865 respicit
1445 1807 1540 1852 eontra
1549 1795 1713 1854 Damascum
1724 1797 1811 1856 :Mille
1824 1801 1912 1872 clypei

284 1887 381 1936 nostro
399 1880 434 1935 ad
451 1882 594 1951 superiora
617 1881 745 1947 nitentes,
760 1899 795 1939 ne
813 1885 984 1954 deliciamur,
998 1886 1077 1957 adju·
1126 1882 1245 1952 Dissdssssl
1257 1899 1290 1939 0¹
1313 1900 1358 1953 θῦε
1379 1894 1407 1942 01
1417 1888 1507 1945 ⁰¹11ssss
1531 1899 1670 1945 armatura
1686 1890 1809 1949 sidilum·
1825 1912 1835 1946 r
1852 1892 1912 1950 i'ita

284 1982 361 2029 sant.
380 1971 508 2029 Haeretici
521 1984 549 2030 et
569 1975 749 2044 schismatici,
765 1992 884 2048 quorum
912 1979 1000 2051 ligura
1027 1995 1076 2034 cx·
1126 1976 1336 2042 praedicatorum
1355 1978 1435 2035 debet
1448 1996 1509 2037 esse
1520 1991 1659 2050 constans,
1671 1993 1698 2039 et
1716 1983 1912 2058 inexpugnabi-

284 2064 355 2120 stitit
365 2061 511 2132 chozias,
521 2066 584 2126 iicet
599 2067 747 2139 aliquando
762 2069 841 2125 bonae
855 2070 972 2126 actionis
984 2086 1075 2127 arcem
1091 2043 1113 2098 Β
1127 2067 1160 2122 iis
1175 2067 1208 2124 ad
1219 2067 1388 2127 defendenda
1405 2071 1466 2128 iudei
1476 2072 1600 2139 aedilicia,
1617 2073 1660 2130 ad·
1677 2075 1830 2145 repellenda
1859 2077 1910 2134 ho·

283 2158 468 2213 conscendere
477 2158 631 2226 rideantur,
644 2169 746 2226 tamen,
761 2161 826 2232 quia
841 2176 1001 2234 compagem
1011 2164 1075 2218 uni·
1126 2161 1209 2214 stirrm
1222 2161 1285 2225 teia,
1301 2178 1363 2219 cum
1378 2163 1414 2220 sit
1427 2179 1442 2218 a
1456 2162 1552 2233 Darid,
1566 2164 1592 2219 id
1606 2179 1646 2221 est
1657 2167 1722 2234 sorti
1734 2184 1813 2223 aranu
1825 2176 1852 2224 et
1862 2169 1912 2228 de·

283 2251 350 2306 tatis
371 2266 426 2307 non
442 2251 554 2320 habent,
567 2251 667 2309 dirinae
688 2254 868 2324 protectionis
893 2255 1029 2325 praesidiis
1048 2263 1076 2311 et
1126 2251 1264 2308 siderabili
1279 2269 1343 2324 rege
1359 2265 1529 2323 constructa,
1540 2264 1568 2312 et
1579 2256 1661 2314 debet
1669 2258 1696 2313 in
1707 2258 1838 2315 virtutum
1850 2261 1912 2317 aiti-

265 2344 464 2402 ·muuimentis
474 2346 596 2406 destituti
608 2347 642 2403 ad
657 2347 786 2404 uitiorum
796 2348 890 2403 infima
904 2349 1073 2406 relabuntur.
1126 2347 1219 2403 tudine
1231 2363 1401 2418 permanere,
1427 2358 1458 2404 ut
1481 2349 1610 2418 respiciat
1628 2360 1725 2408 eontra
1749 2350 1910 2410 Damascum

283 2434 469 2496 ilecliuatoria
480 2454 589 2510 quoque
601 2439 629 2494 in
642 2438 764 2496 Ecclesia
775 2441 854 2506 inrnt,
871 2456 988 2512 perquae
1001 2443 1075 2498 viros
1126 2440 1220 2496 hostes
1239 2456 1255 2496 a
1281 2441 1362 2513 longe
1376 2441 1528 2498 uenientes.
1549 2440 1700 2499 Damascus
1718 2449 1760 2498 est
1775 2452 1911 2516 metropo-

283 2533 517 2603 enntenrptattros
542 2533 705 2604 accipimus,
731 2534 759 2588 in
786 2534 887 2604 quibus
920 2534 992 2591 Deus
1014 2535 1083 2591 sine·
1125 2532 1158 2588 iis
1172 2530 1268 2604 Syriae,
1282 2548 1345 2603 qnae
1364 2532 1495 2603 usquein
1510 2533 1673 2590 hodiernum
1690 2533 1763 2590 diem
1783 2532 1912 2592 illerusa-

283 2621 386 2680 ollensa
400 2625 534 2696 quiescit,
558 2626 622 2696 quia
641 2627 690 2696 qni
712 2627 863 2682 claritatem
888 2635 997 2683 aeternae
1013 2629 1074 2683 ritae
1124 2624 1177 2680 lem
1190 2625 1367 2697 expugnauit,
1383 2635 1410 2682 et
1424 2627 1507 2682 etiam
1528 2626 1686 2698 captivarit,
1704 2641 1753 2698 per
1772 2643 1854 2698 quam
1868 2627 1912 2682 irr-

283 2719 514 2787 contemplantur,
538 2732 607 2772 auro
621 2728 828 2789 comparantur,
849 2718 938 2774 unde:
957 2739 967 2773 t
983 2718 1073 2776 liceli-

282 2810 423 2866 natorium
434 2808 499 2868 iecit
514 2825 628 2865 aureum
641 2811 663 2865 ⁸.
685 2829 695 2863 r

318 2901 443 2970 Exedra,
458 2911 523 2960 sunt
535 2918 617 2959 arcus
630 2903 732 2959 murati
752 2904 781 2960 in
796 2906 955 2962 coemeterio
968 2907 1073 2963 consti-

281 2995 335 3053 tuti
349 3005 378 3052 et
397 2995 528 3056 dicuntur
540 2998 657 3067 esedrae,
672 3008 749 3054 extra
768 2999 872 3055 seilicet
890 2999 1070 3058 adhaerentcs.

283 3089 313 3145 ln
327 3089 481 3162 porticibus
493 3089 650 3147 Salomonis
672 3100 751 3147 erant
767 3093 820 3147 tria
836 3108 936 3164 genera
955 3094 1072 3162 sedium,

283 3189 314 3238 ut
324 3181 363 3238 ait
374 3181 514 3242 isidorus:
530 3182 667 3239 cathedrae
678 3182 834 3251 doctorum,
846 3184 965 3240 sinedrae
991 3186 1071 3240 audi·

1124 2719 1272 2791 telliglmus
1289 2719 1431 2776 homiuum
1444 2720 1658 2788 multitudinem,
1669 2721 1714 2778 vei
1729 2720 1909 2791 malignorum

1124 2812 1280 2881 spirituum,
1296 2827 1441 2883 aqrrorum
1454 2812 1563 2868 insidiis
1573 2821 1615 2869 est
1629 2812 1853 2885 preca-rendum
1866 2820 1909 2867 est

1123 2912 1214 2958 autem
1228 2905 1285 2959 haee
1297 2904 1352 2960 rita
1367 2904 1472 2960 munita
1487 2904 1711 2977 propugnaculis,
1725 2905 1748 2962 si
1761 2905 1847 2978 gratia
1862 2905 1911 2961 ad·

1123 2997 1204 3052 datur
1224 2997 1433 3064 miraculorum,
1451 2997 1493 3054 rel
1508 2996 1743 3069 irrefragabilibus
1769 2998 1911 3055 sententiis
1941 2995 1944 2999 ’

1124 3090 1328 3162 seripturarum
1356 3092 1423 3148 ireta
1445 3093 1542 3164 clypeo
1563 3091 1694 3161 rationis;
1713 3101 1819 3149 armata
1844 3108 1911 3149 uero

1123 3183 1207 3240 armis
1222 3185 1400 3255 operationis,
1412 3184 1470 3240 haec
1480 3199 1510 3240 se
1521 3185 1555 3240 ab
1567 3185 1705 3242 haereticis
1719 3183 1821 3251 munit,
1833 3184 1910 3242 iilos·

282 3260 696 3344 rdrum,aconsidendodtetae;
711 3276 818 3331 exedrae
827 3291 1011 3343 assessorum,
1024 3279 1071 3334 ubi
1122 3291 1175 3346 que
1198 3277 1326 3346 percutit,
1342 3275 1376 3331 de
1396 3291 1452 3347 qua
1475 3275 1555 3332 nobis
1582 3274 1728 3332 resistendi
1752 3283 1781 3331 et
1800 3275 1909 3331 uiuendi

279 3367 366 3439 jndex
381 3381 446 3427 euru
473 3365 662 3423 assessoribus
688 3366 791 3437 ailquid
821 3368 957 3424 tractabat
979 3383 1071 3424 secrc-
1084 3387 1107 3448 C
1122 3368 1415 3439 exempladepeudeut.
1445 3367 1510 3424 Duae
1535 3377 1623 3424 turres
1651 3373 1716 3424 sunt
1737 3366 1799 3424 duae
1812 3367 1907 3439 leges:

282 3460 425 3528 tius;iicet
438 3459 538 3516 exedra
554 3459 718 3530 quandoque
733 3475 782 3530 pro
803 3459 924 3517 thalamo
939 3471 1069 3532 ponatur,
1121 3469 1239 3530 quatuor
1252 3475 1329 3528 vero,
1345 3460 1468 3516 doctrina
1481 3469 1599 3532 quatuor
1608 3459 1847 3531 etrarrgelirtarum,
1862 3476 1910 3514 au-

281 3553 369 3621 uude,
381 3562 410 3610 ει
420 3554 448 3608 in
462 3552 582 3622 exedris,
599 3553 674 3608 reiut
688 3554 715 3609 iu
730 3552 857 3610 thalamis
878 3554 978 3609 mortui
992 3569 1071 3624 sepe·
1121 3553 1236 3609 teniores
1249 3552 1392 3609 Matthaeus
1404 3560 1431 3609 et
1441 3551 1572 3619 loannes,
1584 3551 1761 3623 corporaliter
1780 3567 1841 3608 eum
1853 3551 1908 3607 Deo

281 3648 396 3705 liuntur.
407 3645 601 3707 Coemeterium
617 3657 659 3703 est
675 3659 848 3704 mortuorum
864 3647 1071 3713 dormitorium,
1120 3646 1290 3713 conversatu
1308 3645 1474 3714 posteriores
1489 3644 1577 3700 Lucas
1589 3654 1617 3700 et
1635 3643 1755 3710 Marcus,
1771 3642 1910 3715 apostolo-

280 3739 506 3802 namianristo
517 3741 666 3796 morientes
689 3756 745 3797 rron
757 3741 1007 3809 dicunturmortui,
1022 3743 1069 3798 sed
1121 3753 1182 3794 rum
1211 3736 1472 3808 discipuiiahegem
1499 3735 1589 3809 lioysi
1609 3736 1694 3793 edidit
1726 3734 1858 3792 Dominus
1878 3737 1906 3793 in

280 3832 569 3890 dormientes.Tribus
582 3832 717 3893 decausis
728 3835 830 3889 mortui
842 3834 1070 3895 cireaecciestam
1120 3827 1345 3894 monteSina¹¹;
1375 3825 1552 3898 Evangelium
1584 3843 1693 3899 quoque
1716 3827 1745 3882 in
1769 3829 1906 3892 rnonte¹¹,

280 3926 463 3999 sepeliuntur,¹
484 3934 515 3980 ut
534 3925 706 3981 orationihus
721 3925 843 3981 fidelium
867 3927 901 3982 ad
925 3927 1068 3985 eeclesiam
1119 3929 1226 3976 montes
1240 3916 1332 3974 docuit
1345 3925 1372 3973 et
1385 3919 1413 3971 in
1431 3916 1540 3972 'litabor
1560 3917 1621 3986 eius
1640 3915 1781 3988 praemium
1803 3915 1907 3971 reuela-

279 4017 448 4078 uenientium
462 4015 578 4074 Domino
590 4020 832 4086 commendentur;
846 4020 968 4088 ut,sicut
981 4031 1069 4078 mater
1118 4015 1158 4069 tii
1173 4012 1206 4081 ¹⁸,
1222 4012 1365 4068 insinuans
1389 4008 1463 4082 (111οᾱ
1486 4025 1534 4080 1¹⁰¹
1547 4008 1752 4065 ⁰b⁸efl³¹¹ll³¹¹l
1762 4008 1906 4063 mindam·

278 4110 404 4174 Ecclesia
418 4111 519 4168 saeculo
529 4121 664 4179 mortuos,
677 4111 788 4169 Christo
796 4113 962 4185 baptismate
975 4117 1069 4189 genuit
1118 4118 1181 4160 rum
1191 4103 1252 4176 01⁰⁸
1263 4103 1296 4160 dt
1315 4099 1382 4157 Sl⁰¹¹
1396 4100 1587 4172 Delienlemus
1601 4099 1636 4154 td
1651 4097 1772 4163 Thabor.
1786 4097 1820 4152 de
1844 4112 1907 4167 ιρι·

279 4211 308 4260 ει
320 4203 391 4261 iacte
406 4203 534 4269 nutrivit,
548 4204 588 4260 εἰε
608 4219 690 4261 carne
711 4215 836 4263 mortuos
858 4207 963 4278 gremio
978 4207 1069 4265 ioreat
1118 4197 1254 4254 eulalifflle
1265 4195 1299 4251 id
1313 4193 1599 4265 0⁰¹¹¹D¹0¹¹⁰¹¹⁸i⁰¹¹0¹¹b
1616 4189 1665 4246 Vel
1679 4190 1740 4247 ‘¹¹¹ae
1763 4199 1863 4257 inires,
1878 4200 1906 4245 ⁰¹

279 4305 307 4353 et
318 4296 491 4362 orationibus
505 4297 562 4352 Deo
577 4299 764 4367 commendet;
778 4309 818 4366 nt,
838 4301 911 4356 sicut
928 4302 1067 4373 sepeliun-
1117 4303 1236 4365 quatuor
1252 4302 1342 4348 turres
1355 4300 1419 4346 sunt
1434 4288 1627 4360 predicatores
1651 4287 1679 4341 in
1695 4287 1739 4342 his
1759 4286 1864 4358 iegibus
1877 4296 1904 4341 et

279 4393 325 4449 tur
347 4385 375 4443 itt
391 4387 557 4457 pauimento
570 4385 634 4443 iesu
647 4386 760 4456 Christi,
775 4383 816 4446 sie
841 4392 897 4447 sint
911 4393 1067 4450 cohaeredes
1117 4387 1252 4444 doctrinis
1273 4383 1411 4450 instructi,
1429 4380 1464 4436 de
1486 4380 1607 4452 quibus:
1626 4377 1711 4433 «Fiat
1724 4394 1776 4450 pax
1803 4379 1829 4433 in
1845 4378 1904 4431 rir-

278 4478 339 4551 ejus
353 4479 383 4536 in
400 4494 488 4550 regno
500 4478 559 4536 Dei.
582 4480 664 4537 Forte
684 4482 720 4538 oh
737 4482 808 4539 hane
831 4500 954 4551 eausam,
980 4487 1068 4543 noluit
1117 4487 1175 4537 tute
1187 4489 1244 4546 tua,
1256 4486 1283 4534 et
1301 4474 1469 4534 abundantia
1483 4474 1512 4528 in
1539 4471 1664 4528 turribus
1685 4471 1740 4527 tuis
1753 4470 1785 4524 ¹¹.
1802 4488 1812 4522 r
1829 4468 1905 4525 Crux

278 4573 418 4635 abraham
430 4574 544 4645 sepelire
555 4575 699 4646 conjugem
714 4592 792 4631 suam
808 4577 836 4632 in
853 4594 920 4650 agro
942 4578 1065 4649 Ephron,
1117 4573 1327 4646 superponere
1352 4568 1416 4651 guia
1434 4566 1537 4622 irustra
1556 4564 1679 4634 loquitur
1700 4563 1793 4635 lingua
1807 4561 1905 4632 praedi-

276 4669 332 4725 nisi
350 4669 437 4739 pretio
450 4668 514 4724 dato
534 4668 565 4734 ¹¹,
586 4683 621 4723 ue
648 4669 671 4725 si
687 4671 794 4742 sepulta
816 4671 914 4728 luisset
928 4674 956 4727 iu
979 4674 1065 4744 patri·
1116 4667 1228 4733 catoris,
1239 4665 1291 4721 nisi
1304 4661 1422 4718 adiuerit
1435 4661 1503 4716 ildes
1517 4657 1688 4725 llediatoris,
1703 4665 1732 4714 ει
1753 4656 1819 4727 quia
1846 4670 1903 4709 non

278 4764 372 4818 monio
389 4762 516 4827 infidelis,
529 4772 607 4833 pater
632 4761 800 4820 infidelitatis
821 4765 959 4832 actitaret,
976 4765 1004 4820 in
1030 4779 1062 4822 ea
1081 4734 1160 4816 I'est
1174 4757 1227 4812 nisi
1255 4757 1283 4811 in
1308 4769 1389 4810 cruce
1414 4751 1524 4807 Domini
1542 4750 1714 4822 gloriandum
1742 4749 1774 4806 ¹¹.
1800 4747 1905 4802 Tholus

277 4869 307 4911 se
318 4855 419 4912 babere
430 4855 534 4926 aliquid
546 4856 676 4923 rationis,
701 4854 771 4913 iorte
798 4856 834 4912 ob
855 4858 979 4914 eamdem
995 4874 1062 4915 eau-

276 4963 336 5007 sam
350 4964 405 5004 uon
418 4948 687 5005 debemuseoelesias
699 4949 845 5017 aediticare,
858 4951 910 5007 nisi
926 4951 953 5006 in
965 4950 1061 5019 londo,
1093 5024 1097 5034 Ι

276 5042 306 5098 in
329 5041 512 5098 lesu-Christi
541 5041 708 5112 patrimonio
733 5052 907 5113 computato;
933 5054 961 5100 et
990 5046 1061 5114 uide,

276 5137 342 5209 quia
357 5135 427 5194 inste
440 5135 569 5205 adupiici
584 5136 714 5206 spelunea
727 5119 834 5192 eiedrae
847 5152 910 5192 cum
928 5141 1060 5211 sepulcris
1081 5166 1085 5174 ·

273 5227 390 5298 lapideis
406 5226 540 5298 originem
556 5226 685 5293 habuere,
705 5243 756 5282 nec
777 5236 855 5283 uacat
876 5244 891 5281 a
919 5232 1061 5302 mysterio,

209 5384 211 5389 ,
274 5321 405 5392 quoniam
422 5319 514 5376 anima
525 5318 665 5373 dormiens
679 5334 695 5373 a
709 5319 783 5374 curis
796 5321 974 5377 saecularibus
985 5323 1062 5392 guie-

274 5428 351 5469 seerc
365 5413 445 5469 debet
456 5414 483 5469 in
502 5412 595 5482 requie
608 5412 735 5478 actionis,
746 5424 772 5467 et
787 5414 1062 5485 contemplationibus

248 5549 250 5552 .
273 5521 383 5571 uacare,
405 5506 563 5576 ingrediens
582 5505 608 5559 iu
626 5505 806 5564 iurantiuibus
818 5517 902 5578 petrae
917 5509 949 5574 ¹¹,
965 5517 993 5564 et
1013 5511 1061 5565 ab·

274 5599 410 5654 scondens
428 5616 458 5655 sc
473 5602 501 5654 iu
520 5600 593 5656 iossa
609 5601 704 5664 humo,
721 5600 764 5654 vei
789 5598 889 5655 iurtca
915 5601 1063 5659 biausoieis

273 5703 301 5749 et
312 5693 500 5764 pyramidibus
521 5696 680 5764 gentilium;
708 5695 772 5766 quia
793 5694 927 5765 quidquid
953 5698 1062 5766 corpori

274 5787 396 5842 irunaano
407 5787 582 5857 impenditur,
596 5800 703 5844 nonest
713 5788 809 5844 salutis
824 5788 979 5858 praesidium
992 5830 1000 5855 ,
1015 5791 1062 5845 sed

308 5924 320 5956 ⁸
336 5924 369 5979 111
392 5925 458 5996 lleg.
475 5926 502 5979 (i.
541 5926 658 5988 'Zblattlu
673 5931 701 5984 i.
737 5928 795 5982 ⁸111
809 5927 876 6000 lleg.
892 5930 919 5985 b.

1118 4865 1201 4921 super
1232 4862 1313 4918 quem
1342 4845 1454 4916 ponitur
1477 4859 1526 4912 per
1551 4840 1905 4925 rotunditatemsignittcat

1116 4944 1188 5016 quod
1199 4942 1326 4998 inviolate
1337 4940 1404 4995 tides
1415 4937 1550 4996 catholiea
1562 4939 1733 5011 predicetur.
1747 4933 1841 4990 Gattus
1855 4946 1904 4986 su-

1116 5037 1287 5111 perponitur,
1302 5035 1366 5106 quia
1378 5032 1541 5104 praedicator
1553 5032 1688 5089 sollicitus
1698 5044 1746 5099 per
1759 5025 1903 5097 utriusque

1115 5132 1183 5204 legis
1197 5130 1360 5194 doctrinam,
1371 5128 1559 5184 somnolentos
1572 5125 1652 5182 debet
1669 5123 1790 5179 excitare
1811 5121 1903 5176 media

1115 5234 1194 5281 nocte
1204 5224 1237 5280 ad
1248 5222 1395 5279 Dominum
1409 5220 1592 5278 confitendum
1602 5217 1635 5272 ¹¹.
1646 5214 1706 5271 Nox
1719 5224 1762 5272 εει
1781 5229 1904 5285 praescns

1115 5321 1263 5388 seculum3
1277 5319 1444 5376 dormientes
1453 5325 1517 5375 sunt
1534 5316 1562 5371 in
1572 5322 1684 5386 peccato
1693 5313 1827 5384 jacentes,
1840 5313 1903 5383 qui-

1115 5417 1166 5472 bus
1181 5415 1270 5486 gallus
1282 5413 1365 5469 horas
1376 5411 1529 5481 distinguit,
1544 5409 1609 5464 dum
1618 5405 1746 5463 distincte
1760 5403 1900 5477 praedicat,

1114 5519 1141 5565 et
1155 5524 1202 5563 eos
1219 5506 1330 5571 excitat,
1343 5511 1371 5559 ut
1383 5519 1398 5558 a
1410 5501 1528 5574 peccatis
1542 5505 1700 5571 exsurgant.
1715 5495 1817 5551 Lucem
1832 5510 1901 5566 prae

1113 5601 1231 5667 nuntiat,
1243 5615 1305 5654 cum
1319 5598 1438 5651 iuturam
1459 5593 1584 5665 gloriam,
1612 5607 1673 5662 quae
1694 5588 1859 5645 revelabitur
1872 5587 1900 5640 in

1112 5694 1202 5757 nobis,
1219 5689 1409 5756 aununtiat¹¹3
1423 5689 1469 5745 sed
1483 5688 1560 5759 prius
1574 5683 1738 5742 sererberat
1749 5683 1820 5749 aiis,
1834 5681 1900 5736 dum

1113 5802 1212 5857 corpus
1227 5801 1307 5842 suum
1330 5784 1443 5854 castigat
1457 5785 1490 5848 ¹¹,
1509 5798 1542 5837 ne
1558 5780 1710 5852 praedicans
1738 5775 1901 5848 reprobetur
1930 5821 1935 5831 .

957 5927 1136 5983 'hiattlulD
1175 5926 1281 5981 ¹llierr
1306 5927 1333 5983 i.
1372 5923 1517 5979 ¹Cant.5.
1558 5919 1723 5978 ¹⁰Gen.25.
1760 5919 1779 5948 ¹¹
1796 5914 1899 5971 lsnlD.

274 5994 419 6061 “canc
459 5995 642 6054 emutat
684 5998 854 6056 eumue
894 5999 1086 6055 ¹utamur.
1125 5967 1309 6053 cnudi.
1362 5995 1500 6052 ecato.
1541 5991 1726 6050 ursmare.
1778 5987 1900 6044 ”tun

272 6077 301 6130 tr,
336 6069 358 6099 ¹·
374 6068 459 6125 iCor.
476 6068 503 6124 9.
