4350 6709
273 504 324 584 in·
899 505 1063 588 alannus.
1076 507 1119 576 ἶ
1138 531 1202 590 nra.
1224 508 1274 588 rv.¹
1846 524 1899 584 rso

272 646 318 701 abi
334 644 364 700 in
380 659 418 701 co
437 643 513 717 qnod
531 646 716 704 misericordia
742 647 915 720 imploratur,
938 653 1102 711 innuiturh
1118 672 1128 706 r
1144 654 1213 710 Goeli
1228 657 1361 708 enarrant
1375 647 1491 720 gloriani
1502 645 1560 707 boi,
1579 664 1589 698 r
1605 643 1733 716 exprimit
1744 641 1896 716 apostolom

274 737 364 805 ipsum
379 736 539 807 legationis,
548 738 590 792 vel
596 739 798 809 praedicationis
808 741 926 797 officium
937 757 992 797 non
1005 742 1065 797 sine
1117 747 1181 816 quia
1204 765 1214 799 r
1235 746 1263 800 in
1281 758 1389 800 omnem
1406 751 1505 797 terram
1531 740 1615 795 exivit
1640 753 1726 793 sonus
1736 751 1831 792 eornm
1842 735 1862 790 ¹.
1885 752 1896 786 v

274 831 393 899 alicujus
412 833 453 888 rel
475 833 544 888 lenis
558 834 645 903 culpae
658 834 770 904 pulvere
781 836 872 906 peragi
885 851 981 905 posse:
993 836 1066 892 unde
1119 856 1129 890 r
1147 836 1283 892 Exaudiat
1298 844 1335 900 te,
1351 854 1361 888 r
1377 834 1498 890 declarat
1517 840 1666 903 martyres;
1690 828 1755 900 qnia
1780 826 1899 898 protexit

274 923 449 995 Augustinus
466 942 474 979 :
492 925 605 980 verbnm
627 926 828 995 predicationis
843 927 968 984 securius
985 927 1065 983 andi·
1115 943 1164 986 eos
1180 948 1190 981 r
1205 943 1233 984 tn
1248 929 1292 985 die
1312 925 1498 983 tribulationis
1516 941 1572 981 snae
1586 925 1607 978 ¹.
1625 943 1634 976 r
1651 945 1684 964 -a
1701 942 1710 974 r
1730 921 1854 987 bonine,
1870 919 1900 975 3¹¹

275 1027 326 1082 tur,
338 1032 428 1087 gnam
452 1016 555 1073 dicitur
582 1036 589 1072 :
614 1019 776 1087 praedicator
801 1019 874 1074 enim
899 1035 948 1090 per
963 1029 1065 1076 terrant
1116 1024 1231 1087 virtate;
1250 1043 1261 1076 ε
1276 1022 1367 1078 innuit
1379 1020 1562 1085 consessores,
1576 1017 1623 1090 qui
1635 1032 1689 1072 non
1704 1025 1767 1072 sunt
1780 1012 1899 1071 fraudati

274 1108 410 1164 ambulat.
423 1106 459 1163 Et
470 1107 579 1164 difficile
598 1117 640 1164 est
651 1109 713 1180 ejus
730 1110 777 1179 qni
795 1126 843 1180 per
855 1120 956 1167 terram
969 1113 1066 1168 ambu-
1117 1114 1256 1170 volontate
1271 1113 1406 1168 labiorum
1421 1126 1534 1167 suornnr
1546 1109 1568 1164 ⁸.

274 1200 319 1258 lat.
338 1199 429 1268 pedes
445 1199 521 1254 nullo
547 1199 659 1270 pulvere
688 1200 837 1268 sordidari;
860 1211 888 1258 et
906 1203 1066 1273 predicato·
1152 1203 1301 1277 lloc'paeis
1318 1213 1425 1273 tempos
1441 1203 1553 1274 eoepita
1570 1201 1750 1257 Constantino
1764 1215 1837 1271 roge,
1850 1199 1899 1269 qni

274 1307 340 1355 reru,
354 1307 423 1346 crrm
443 1307 474 1347 se
488 1292 558 1347 bene
581 1292 730 1363 praedicare
752 1296 929 1364 persenserit,
949 1297 1068 1353 nullate-
1116 1299 1223 1355 laetatus
1238 1298 1375 1352 invirtute
1391 1294 1438 1352 Dei
1461 1309 1543 1365 snper
1555 1294 1675 1349 salutare
1690 1292 1803 1359 Glrristi,
1817 1291 1899 1346 vehe-

273 1403 324 1441 nns
336 1386 366 1439 in
381 1386 483 1455 spiritu
504 1385 632 1441 elationis
653 1386 731 1456 erigi.
755 1386 834 1454 Quod
846 1404 911 1442 vero
933 1387 988 1444 beo
1001 1406 1066 1460 gra·
1116 1400 1222 1447 menter
1233 1389 1388 1456 exsultavit,
1401 1388 1466 1443 durn
1486 1384 1622 1442 Nicaenam
1636 1384 1769 1457 synodum
1782 1397 1900 1453 congre·

274 1480 323 1532 tias
338 1477 464 1548 agimus,
473 1493 527 1532 non
540 1478 575 1532 ad
590 1477 701 1534 lectoris
713 1495 819 1549 preces,
837 1479 884 1535 sed
897 1481 931 1536 ad
942 1481 1067 1552 praemis·
1117 1481 1201 1551 gavit.
1217 1478 1246 1534 ln
1259 1479 1347 1551 prima
1363 1478 1445 1549 hujus
1464 1478 1592 1548 temporis
1606 1477 1673 1533 hora
1687 1474 1844 1531 modulatus
1858 1479 1901 1528 est

274 1584 331 1621 sam
350 1569 476 1637 pertinet
489 1568 653 1637 lectionem;
674 1572 777 1640 gratias
793 1572 911 1643 agirnns,
923 1575 997 1643 quod
1011 1590 1065 1629 no·
1116 1576 1229 1640 Paulus,
1251 1573 1365 1630 dicens:
1385 1592 1395 1625 r
1414 1570 1481 1644 Regi
1506 1571 1669 1628 saeculorum
1694 1565 1853 1632 immortali,
1874 1570 1903 1618 et

274 1660 314 1715 bis
328 1660 469 1714 doctrina
482 1676 539 1716 snae
550 1676 647 1730 panem
661 1661 786 1733 frangere
798 1664 935 1734 dignatur,
949 1681 983 1721 ne
994 1664 1067 1723 ianne
1116 1669 1258 1736 invisibili,
1278 1668 1328 1723 soli
1340 1667 1395 1721 lien
1414 1666 1541 1720 honoret
1557 1661 1644 1735 gloria
1656 1662 1684 1716 in
1700 1658 1800 1716 saecula
1813 1672 1901 1713 saecu·

274 1751 406 1806 audiendi
428 1752 545 1807 verbum
570 1751 679 1808 Domini
712 1770 858 1825 pereamus
881 1757 915 1812 ⁹¹.
939 1756 1007 1813 llam
1031 1759 1066 1815 ad
1117 1764 1217 1819 lorum.
1230 1763 1316 1816 Amen
1332 1760 1379 1814 ’.ι
1401 1757 1430 1812 ln
1454 1756 1573 1812 secunda
1595 1753 1770 1817 Laurentius,
1783 1752 1900 1806 dicens:

275 1843 421 1910 lectiones,
443 1843 470 1899 in
484 1843 538 1901 tine
556 1859 674 1915 qnarurn
689 1844 728 1900 Ta
743 1856 841 1914 antem,
862 1847 984 1916 Domine,
1010 1867 1066 1905 non
1119 1854 1253 1910 «Gratias
1265 1853 1313 1907 tibi
1328 1866 1389 1920 ago,
1409 1849 1535 1915 bonine,
1549 1848 1614 1919 quia
1628 1847 1741 1917 januam
1766 1854 1841 1899 tuarn
1860 1844 1902 1899 in·

275 1936 460 1999 concluditur,
476 1936 582 1991 scilicet
603 1937 636 1992 ad
660 1937 780 2007 capitula
797 1939 965 2012 regularium
984 1942 1066 1998 hora·
1117 1946 1193 2017 gredi
1205 1944 1308 2008 marah
1329 1962 1339 1996 r
1357 1942 1384 1997 in
1399 1941 1479 1996 tertia
1492 1940 1649 2013 Gregorius,
1662 1939 1709 2009 qui
1722 1945 1782 1993 arte
1796 1935 1902 1992 rnusica

276 2043 337 2082 rum
357 2027 387 2082 in
400 2026 504 2096 quibus
514 2026 627 2081 verbum
641 2025 689 2081 bei
702 2028 866 2096 serninatur;
883 2029 938 2087 lieo
952 2033 1063 2103 gratias,
1082 2002 1238 2094 Bdivinum
1250 2035 1425 2092 concinnavit
1448 2032 1577 2099 ollieiurn,
1593 2040 1621 2087 et
1638 2047 1688 2087 nos
1707 2030 1805 2100 vigiliae
1819 2027 1903 2099 hujus

276 2133 309 2172 ex
320 2119 524 2174 consuetudine
545 2118 737 2188 respondetur.
763 2120 796 2176 Ει
812 2125 921 2179 attende
935 2129 1007 2194 qnod
1025 2127 1065 2181 si-
1115 2129 1234 2198 primam
1256 2126 1408 2181 custodiam
1426 2125 1615 2187 observamus,
1629 2123 1694 2177 dnm
1709 2120 1900 2191 praedicamus.

278 2218 322 2265 cut
337 2211 367 2262 in
387 2208 510 2264 Ecclesia
524 2208 580 2264 dno
594 2220 659 2266 sunt
680 2212 791 2268 ordines
806 2216 963 2285 :sapientes
978 2226 1005 2272 el
1021 2219 1064 2272 in·
1118 2218 1273 2275 Secundam
1286 2231 1349 2271 cunr
1373 2215 1561 2270 tribulationes
1576 2213 1603 2268 in
1626 2212 1757 2284 patientia
1780 2210 1903 2267 sustine-

278 2305 409 2374 sipientes
426 2303 459 2369 ¹⁸,
485 2302 527 2358 sic
545 2313 608 2360 sunt
625 2305 686 2360 duae
713 2305 860 2362 lectionurn
877 2310 1015 2366 materies.
1034 2310 1064 2366 ln
1117 2328 1189 2369 mus.
1203 2309 1322 2365 Tertiam
1336 2308 1447 2379 quando
1458 2304 1680 2376 contemplationi
1695 2318 1835 2361 vacamus.
1849 2302 1902 2358 Sed

278 2396 331 2450 illis
355 2394 432 2449 enim
457 2395 620 2450 lectionibus
644 2413 705 2468 quae
728 2398 762 2454 ad
787 2400 899 2455 missam
925 2401 1063 2473 leguntur,
1115 2405 1179 2476 qnia
1194 2423 1204 2456 r
1220 2413 1340 2458 extrema
1364 2399 1455 2472 gaudii
1481 2401 1571 2455 luctus
1586 2384 1741 2468 occupat⁸;
1758 2415 1768 2449 r
1786 2397 1847 2451 ideo
1862 2396 1903 2451 ul·

277 2488 416 2557 sapientes
445 2487 628 2543 instruuntur.
653 2487 682 2542 ln
708 2490 830 2562 hisquae
852 2494 879 2547 iu
914 2506 994 2551 nercte
1021 2511 1065 2551 re·
1116 2497 1176 2552 tirni
1188 2511 1293 2562 versus,
1310 2494 1398 2550 ultimi
1409 2493 1507 2565 psalmi
1518 2500 1641 2562 tempora
1653 2498 1903 2562 tanguntsumrno·

276 2581 415 2645 citantur,
445 2578 603 2649 insipientes
633 2580 807 2639 erudiuntur.
830 2581 908 2642 Unde
927 2596 955 2644 ct
977 2603 1063 2660 expo·
1115 2599 1196 2645 tonus
1215 2586 1387 2651 Antichristi,
1413 2585 1460 2657 qui
1487 2582 1680 2640 eritclibanns
1699 2580 1813 2652 ignisin
1830 2589 1903 2636 tern-

276 2681 390 2726 nnntur.
1115 2699 1182 2755 porc
1201 2682 1359 2746 vultussui,
1382 2694 1463 2750 quern
1479 2677 1612 2732 Dominus
1634 2675 1768 2742 turbabit,
1785 2683 1813 2729 et
1830 2672 1902 2744 ignis

311 2764 422 2821 Rursus
438 2766 548 2823 attende
560 2767 633 2837 quod
650 2767 738 2826 iorma
754 2772 919 2829 terminandi
935 2773 1065 2833 lectiones
1115 2790 1178 2830 curn
1189 2773 1247 2829 suis
1257 2771 1437 2841 complicibus
1448 2767 1588 2824 devorabit
1601 2765 1622 2820 ⁸.
1633 2764 1812 2821 Postmodum
1823 2761 1902 2818 electi

275 2855 477 2926 quadripartita
489 2866 541 2925 est,
556 2866 604 2913 aut
614 2861 686 2915 enirn
710 2877 758 2932 per
774 2861 813 2918 Ta
829 2873 928 2934 antem,
944 2866 1063 2935 Domine,
1116 2875 1247 2940 perpetuo
1261 2866 1421 2930 cantabant,
1437 2872 1465 2919 ct
1477 2864 1505 2918 in
1519 2859 1627 2916 bomini
1647 2858 1796 2915 virtutibus
1811 2856 1903 2912 exsul·

276 2949 455 3016 terminatur,
473 2961 521 3005 aut
538 2965 600 3006 curn
613 2953 762 3023 propbetiae
776 2953 915 3026 leguntur,
936 2974 984 3028 per
999 2958 1064 3015 lloee
1116 2961 1212 3015 tabunt
1223 2959 1245 3015 1.
1256 2956 1298 3014 hd
1311 2956 1363 3013 bos
1375 2969 1485 3028 quoque
1498 2954 1621 3026 singulos
1632 2951 1764 3023 psalmos,
1780 2949 1827 3022 qui
1845 2957 1901 3007 tres

275 3038 341 3092 dicit
356 3037 507 3093 borsines:
521 3039 676 3096 Convertere
689 3045 723 3098 od
734 3061 784 3113 mr,
797 3055 823 3101 et
834 3046 923 3100 salros
937 3049 1000 3115 eris,
1018 3058 1066 3104 ant
1116 3060 1190 3116 sunt,
1206 3050 1298 3108 Gloria
1311 3049 1443 3115 redditur,
1458 3056 1485 3104 et
1500 3047 1659 3117 antiphona.
1670 3043 1739 3112 Quia
1751 3042 1901 3099 Christiani

276 3147 339 3186 ⁰⁰¹⁰
369 3129 472 3186 Thfeni
501 3130 627 3188 Jefemiae
649 3133 787 3204 leguntur,
816 3153 863 3208 bel
885 3137 1064 3207 Hierusalem,
1115 3144 1178 3209 noe,
1191 3158 1239 3214 spe
1253 3142 1361 3208 llorent,
1382 3151 1409 3196 et
1424 3140 1558 3196 charitate
1573 3138 1667 3194 colunt
1689 3134 1860 3201 Trinitatem,
1873 3142 1902 3191 et

276 3220 458 3286 fliefwltmr
479 3231 628 3278 ‘finierim
649 3225 684 3278 “d
707 3226 849 3282 Dominum
869 3229 954 3284 Deum
970 3242 1064 3296 illum:
1116 3236 1244 3293 laudibus
1265 3235 1384 3290 ederunt
1404 3233 1587 3303 majestatem.
1610 3229 1753 3310 Lectiones
1771 3227 1900 3284 suntdo·
1963 3280 1965 3284 .

275 3325 324 3369 aut
336 3315 509 3384 simpliciter,
524 3326 554 3372 nt
575 3318 602 3372 in
618 3318 706 3375 obicio
727 3321 929 3379 defunctorum.
946 3324 1098 3419 Quidamc
1116 3332 1212 3386 errinae
1230 3328 1360 3384 ridellum.
1383 3324 1578 3396 Responsoria,
1593 3323 1659 3389 vita,
1678 3337 1739 3392 quae
1762 3320 1841 3376 debet
1857 3334 1901 3375 re-

274 3419 371 3463 ¹²¹¹¹⁶¹¹
384 3417 412 3463 ³²
423 3408 459 3464 5¹³³
476 3410 590 3479 Whfi
612 3413 787 3469 ⁰⁰⁰⁰¹¹¹⁵l⁰¹¹ff
810 3424 944 3483 ”illinisti
965 3417 1008 3471 vel
1024 3417 1064 3472 le-
1115 3421 1250 3494 spondere
1264 3420 1413 3486 doctrinae;
1435 3418 1493 3472 bare
1511 3415 1603 3472 omnin
1618 3415 1645 3471 in
1668 3413 1807 3468 [lominica
1821 3419 1900 3467 nocte

272 3505 401 3569 stiones,
419 3504 626 3573 praedicationes
641 3506 751 3562 illorum
772 3509 884 3565 Patrurn
905 3510 1061 3580 proferunt,
1114 3522 1270 3578 cantantur,
1290 3527 1324 3567 eo
1345 3509 1418 3580 qnod
1443 3522 1539 3564 omnes
1567 3504 1717 3590 supradicti
1739 3503 1767 3559 in
1797 3502 1900 3558 Christi

275 3596 451 3665 mwsswfii
465 3596 546 3651 lilim
560 3611 655 3652 e⁰l⁰¹¹¹
668 3599 832 3670 §himiliabit
844 3616 1064 3672 perquamprao-
1115 3604 1317 3663 resurrectione
1328 3601 1480 3657 salvantur.
1504 3598 1536 3654 Et
1557 3598 1617 3653 ride
1641 3597 1714 3668 quod
1741 3595 1775 3650 ad
1792 3595 1900 3650 tertiam

274 3688 412 3743 dicationi
427 3690 618 3760 respondetur.
634 3689 755 3763 Tempus
765 3692 834 3764 legis
855 3694 1033 3768 distinguitur
1047 3713 1062 3753 a
1114 3697 1245 3769 vigiliam,
1256 3693 1427 3764 evangelium
1444 3691 1584 3754 recitator,
1599 3704 1633 3746 eo
1650 3686 1722 3760 qnod
1734 3687 1814 3744 estin
1828 3695 1900 3743 tota·

276 3778 371 3852 lloysc
382 3795 469 3851 usque
481 3781 516 3836 nd
527 3781 625 3847 David,
640 3791 668 3839 et
683 3798 699 3839 a
714 3783 799 3840 liavid
815 3802 901 3854 usqne
918 3788 952 3842 ad
971 3796 1062 3845 trans-
1114 3805 1181 3861 pore
1191 3788 1286 3860 gratiae
1306 3785 1494 3858 predicatum.
1510 3781 1588 3839 Unde
1601 3781 1671 3837 lallit
1682 3778 1899 3852 hicetymologia

276 3871 1061 3952 migrationemBahylouis,etatransmigrationessabylo-
1114 3880 1280 3952 responsorii
1307 3897 1314 3935 :
1339 3893 1392 3933 non
1418 3876 1491 3931 enirn
1518 3874 1694 3946 responsoria
1719 3874 1753 3928 do
1777 3871 1900 3928 historiis

275 3965 320 4019 nis
336 3965 469 4035 usquead
484 3965 634 4022 Christum.
650 3965 679 4020 ln
694 3969 781 4037 prima
793 3969 967 4026 distinctione
981 3972 1063 4042 liujus
1113 3973 1282 4046 respondent
1305 3968 1470 4041 evangelicis
1494 3966 1673 4033 lectionibus;
1702 3963 1830 4020 similiter
1849 3978 1900 4018 nec

276 4061 410 4128 temporis
421 4060 567 4130 vigilavere
581 4061 749 4127 sacerdotes,
765 4071 795 4119 nt
809 4065 911 4131 Aaron,
930 4065 995 4121 dnm
1011 4065 1061 4121 do·
1113 4064 1180 4121 illud
1202 4063 1276 4136 quod
1300 4062 1329 4117 in
1352 4061 1449 4118 aestivo
1477 4069 1599 4129 tempore
1623 4057 1657 4114 de
1676 4055 1809 4113 Trinitate
1833 4069 1899 4110 can·

274 4147 348 4217 cndu
365 4151 392 4206 in
407 4151 524 4208 secunda
535 4152 652 4223 judiees,
663 4163 693 4208 nt
708 4154 827 4223 Gedeon,
837 4156 902 4211 durn
914 4156 1061 4227 judicavil;

274 4244 304 4294 in
325 4243 407 4298 tertia
421 4259 508 4315 reges,
530 4253 561 4300 ut
576 4244 721 4314 Salomon,
735 4249 800 4303 duna
824 4250 955 4319 populum
979 4252 1057 4308 rexit

274 4333 356 4399 Quod
374 4336 553 4405 sequentibus
572 4337 684 4406 psalmis
707 4339 845 4407 innuitnr;
862 4357 925 4395 nam
940 4358 947 4397 ε
963 4360 973 4394 r
989 4343 1063 4397 Gon·

274 4440 356 4480 serra
368 4441 413 4480 me
423 4427 457 4493 ⁰¹,
472 4446 482 4479 r
498 4428 628 4498 exprimit
642 4429 808 4498 sacerdotes,
829 4448 946 4503 quorum
967 4434 1062 4489 llomi·

274 4536 332 4575 nus
344 4534 410 4589 pars
421 4518 474 4575 init
489 4520 656 4579 haereditatis
675 4533 703 4579 et
717 4524 822 4583 caliois.
838 4544 848 4578 r
865 4525 982 4592 Exaudi,
1006 4527 1061 4583 bo-

273 4612 361 4679 mine,
374 4613 508 4682 justitiam
523 4630 612 4671 meam
625 4618 659 4684 n,
678 4636 688 4670 ι
710 4618 799 4673 innuit
809 4619 926 4690 jndices,
942 4636 1059 4691 ortorum

1112 4167 1196 4215 tatur.

1149 4250 1222 4305 ldern
1236 4259 1287 4316 est,
1304 4250 1374 4305 etin
1393 4255 1550 4303 sanctorum
1569 4241 1678 4315 vigiliis,
1695 4241 1722 4297 in
1742 4240 1842 4311 quibus
1858 4238 1897 4294 le·

1113 4343 1252 4400 ctionibus
1264 4349 1375 4412 propter
1394 4338 1501 4410 vigilias
1517 4336 1639 4392 alteratis
1658 4333 1829 4405 responsoria
1842 4350 1897 4390 nou

1112 4442 1263 4491 mutantur.
1280 4430 1347 4486 lllnd
1371 4444 1480 4503 quoqne
1498 4426 1640 4484 sciendum
1654 4425 1780 4496 estquod
1801 4425 1828 4480 in
1843 4434 1897 4480 ter-

1113 4529 1150 4585 tia
1162 4526 1253 4599 vigilia
1270 4526 1383 4581 iteratur
1399 4523 1427 4578 in
1443 4520 1600 4593 antiphonis
1612 4517 1738 4573 Alleluia.
1755 4516 1785 4572 ln
1796 4516 1897 4572 solero-

1113 4620 1244 4675 nitatibus
1257 4631 1366 4688 quoque
1385 4623 1541 4675 sanctornm
1562 4620 1616 4667 tres
1633 4619 1785 4665 nocturnos
1797 4616 1845 4662 aut
1857 4607 1897 4662 vi·

269 4705 408 4776 judicium
422 4707 523 4776 prodiit
540 4708 574 4764 de
587 4710 662 4765 vultu
678 4708 889 4783 omnipotentis.
912 4733 921 4765 r
945 4713 1059 4786 biliganr
1077 4713 1192 4784 Dgilias
1206 4711 1385 4775 celebramus,
1400 4717 1427 4765 ot
1446 4707 1474 4763 in
1494 4719 1658 4776 unaquaque
1689 4710 1745 4757 tres
1765 4701 1896 4772 psalmos,

272 4809 311 4862 te,
327 4798 444 4854 bomine
457 4800 479 4832 ’⁹
497 4820 507 4853 r
528 4802 652 4858 insinuat
671 4820 748 4875 reges
766 4821 837 4877 qnos
850 4806 984 4864 Dominus
995 4824 1060 4863 con-

273 4892 365 4945 stitnit
378 4907 461 4961 snper
472 4903 567 4964 gentos
588 4895 633 4950 ¹⁸⁰.
660 4897 702 4953 hd
721 4898 845 4966 singnlos
863 4902 995 4970 psalmos,
1012 4900 1059 4971 qui

271 4995 331 5041 tres
341 4994 417 5051 sunt,
434 4985 526 5043 Gloria
537 4988 674 5057 redditur,
699 5000 727 5046 et
748 4992 909 5061 antiphona,
923 4993 986 5065 quia
1002 4995 1059 5049 sin-

271 5078 330 5148 guli
343 5077 467 5148 prasdicti
480 5078 590 5136 ordines
601 5080 762 5138 Trinitatem
780 5085 937 5152 adoravere,
953 5095 981 5143 et
996 5087 1056 5142 lau·

271 5168 355 5224 dibus
377 5168 508 5225 extulere.
536 5168 687 5244 &poeotes
712 5174 841 5231 lectiones
868 5186 933 5237 sunt
961 5192 1057 5232 eornrn

273 5260 492 5328 praedicationes.
510 5260 694 5334 Responsoria
714 5268 898 5336 operationes,
915 5278 942 5327 et
956 5268 1059 5340 gratia-

273 5366 334 5405 rum
349 5354 487 5408 actiones.
511 5353 631 5426 Tempus
650 5358 745 5429 gracie
759 5359 937 5430 distinguitur
952 5362 979 5415 in
990 5372 1059 5417 tem·

272 5459 323 5513 pus
335 5447 494 5516 apostolieae
505 5448 716 5517 praedioationis,
727 5460 755 5507 et
769 5461 876 5523 tempus
891 5455 1059 5523 persecutio·

272 5538 325 5605 nis,
336 5549 364 5593 et
376 5546 484 5608 tempos
496 5540 582 5609 pacis.
594 5539 622 5596 ln
635 5543 725 5612 primo
734 5543 914 5616 vigilaverunt
930 5548 1057 5617 apostoli,

273 5629 300 5682 in
314 5631 436 5686 secundo
451 5641 594 5703 martyres,
606 5635 633 5689 in
650 5635 730 5690 tertio
743 5635 929 5705 confessores,
942 5639 1013 5709 quod
1028 5640 1056 5694 in

273 5725 451 5796 sequentihus
486 5728 600 5797 psalmis
630 5728 770 5785 evidenter
795 5730 935 5798 innuitur;
966 5748 1053 5787 narn:

1113 4814 1168 4860 tres
1183 4817 1289 4868 versus,
1303 4810 1357 4856 tres
1372 4799 1500 4856 lectiones
1513 4805 1540 4852 et
1552 4793 1725 4866 responsoria
1742 4794 1791 4848 tria
1804 4802 1898 4849 canta-

1113 4911 1184 4952 nrns.
1201 4893 1240 4949 En
1257 4895 1357 4965 quibus
1372 4906 1468 4947 novem
1489 4889 1598 4961 psalmi,
1614 4902 1712 4943 novem
1726 4902 1832 4954 versus,
1848 4901 1898 4942 no·

1112 5004 1172 5045 vern
1188 4986 1328 5052 lectiones,
1344 4997 1441 5038 noveru
1457 4978 1629 5050 responsoria
1649 4976 1811 5034 efficiuntur.
1828 4974 1896 5031 Ter-

1112 5081 1207 5137 narius
1221 5088 1249 5135 et
1265 5076 1430 5134 novenarius
1449 5074 1476 5129 in
1497 5073 1624 5130 omnibus
1637 5071 1708 5128 idern
1731 5071 1896 5143 signillcant.

1111 5173 1175 5229 llaec
1189 5172 1271 5244 igitur
1287 5169 1379 5226 omnia
1394 5168 1574 5233 celebramus,
1588 5175 1617 5221 nt
1631 5172 1741 5222 sanctos
1755 5178 1803 5234 per
1817 5161 1896 5216 lidern

1111 5275 1213 5324 sanctae
1227 5262 1368 5319 Trinitatis
1381 5259 1532 5316 associatos
1547 5272 1643 5314 novern
1659 5254 1801 5310 ordinibus
1814 5265 1897 5320 ange·

1109 5362 1198 5417 lorum
1213 5357 1388 5414 ostendamus
1405 5372 1412 5408 :
1429 5361 1495 5408 elul
1508 5366 1558 5407 nos
1574 5366 1623 5420 per
1633 5351 1690 5405 lraec
1701 5345 1787 5402 officia
1802 5340 1895 5397 Trini-

1110 5452 1158 5508 tnti
1176 5446 1345 5520 usqueadeo
1364 5445 1530 5516 placeamus,
1550 5441 1620 5512 qnod
1637 5439 1737 5493 eisdem
1752 5434 1896 5490 ordinibus

1109 5542 1239 5601 associavi
1263 5540 1414 5612 possirnus;
1437 5538 1479 5592 vel
1503 5546 1557 5591 tres
1580 5531 1687 5604 psalmi,
1710 5539 1764 5584 tres
1786 5543 1894 5594 versus,

1110 5647 1165 5693 tres
1179 5633 1319 5700 lectiones,
1333 5631 1384 5685 tria
1399 5626 1584 5699 responsoria.
1596 5625 1622 5678 in
1639 5624 1726 5678 tribus
1742 5619 1894 5687 nocturnis,

1096 5710 1174 5783 'sunt
1196 5723 1305 5794 triginta
1328 5738 1392 5789 sox;
1411 5721 1469 5774 haec
1489 5719 1580 5788 itaque
1602 5718 1782 5784 celebramus,
1798 5723 1829 5770 ot
1845 5726 1895 5784 per

304 5904 442 5963 utnon
464 5907 490 5963 8.
528 5909 551 5941 ’⁶
583 5907 663 5967 honr.
685 5911 710 5965 1.
749 5911 770 5943 ’⁷
794 5910 867 5967 Psal.
899 5912 942 5967 15.
980 5911 1003 5944 ’⁸
1031 5909 1104 5965 Psal.
1128 5909 1171 5964 lo.
1209 5909 1232 5943 ”
1251 5906 1323 5963 Psal.
1354 5904 1396 5958 lt.
1447 5904 1480 5937 ¹⁸⁶
1509 5901 1581 5959 Psoi.
1612 5901 1657 5957 lt.
1707 5893 1812 5954 'Psah
1843 5889 1890 5955 48·

271 5973 369 6032 ’isat
394 5978 438 6031 19.
476 5977 641 6036 'lsatso
681 5982 841 6039 lilino.
880 5981 1039 6039 'vini-‚rt
1079 5979 1240 6037 ‘tealdo
1279 5976 1370 6034 'loia
