4350 6709
220 501 274 561 509
927 519 1136 578 cttttohlcort.
1790 533 1844 591 bid

218 621 316 689 Apulia
330 624 404 679 senit
418 624 446 680 in
461 626 645 695 Antiochiam,
658 629 703 684 ubi
716 646 762 684 rer
774 647 836 687 eum
853 631 1005 690 honorilice
1022 643 1042 695 A
1058 638 1085 689 in
1102 635 1264 695 Teutoniam
1289 659 1351 698 cum
1371 645 1456 716 gloria
1471 654 1638 702 remearunt.
1661 644 1758 702 Petrus
1776 661 1842 703 vero

218 716 332 785 recepit,
346 724 374 769 et
389 732 471 771 unam
486 719 511 772 ei
526 718 559 775 de
573 720 681 776 filiabus
695 724 754 778 suis
769 725 882 779 tradidit
896 726 922 779 in
938 742 1006 780 uro·
1058 731 1240 788 lraeresiarcha
1253 735 1279 789 in
1294 750 1387 792 errore
1399 740 1576 807 computruit,
1588 747 1616 794 et
1629 737 1774 794 defunctus
1784 749 1842 806 cst;

218 823 287 874 rem,
299 816 328 862 et
344 822 406 862 cum
433 809 486 863 lilia
501 827 614 881 regnum
626 813 678 869 sibi
694 816 865 870 haereditario
876 817 939 886 jure
951 826 1007 871 tra·
1057 824 1137 894 cirins
1157 835 1306 883 sectatores
1324 829 1409 883 alium
1437 829 1593 900 elegerunt,
1617 846 1698 900 quiem
1725 829 1842 885 Romani

217 899 464 955 dendum.E0dcn1
479 917 552 956 anno
567 903 642 959 risus
652 914 692 960 est
705 906 732 960 in
745 908 868 977 partibus
881 910 1004 976 orientis,
1056 915 1253 973 Carnicovvum
1266 920 1453 976 nominabant.
1470 921 1584 977 Demum
1599 923 1633 976 ad
1647 922 1728 993 pedes
1740 921 1842 976 surumi

217 993 289 1048 inter
306 993 438 1048 orientem
456 1003 483 1047 ct
503 997 726 1081 septentrionem,
754 1009 872 1067 cometa,
897 1002 944 1071 qui
956 1017 1005 1056 na·
1056 1009 1193 1075 pontilicis
1207 1010 1313 1065 veniam
1325 1012 1505 1086 postulantes,
1515 1014 1730 1069 misericorditer
1740 1011 1843 1082 recepti

217 1102 297 1140 scens
313 1086 529 1153 antelucanum,
549 1103 645 1144 versus
665 1106 783 1160 nonam,
796 1092 902 1149 radium
926 1094 1005 1150 entit-
1056 1108 1132 1156 sunt.
1150 1102 1321 1159 Auctoritate
1335 1107 1418 1177 hujus
1440 1107 1541 1161 summi
1566 1094 1704 1177 pontilicis
1717 1105 1837 1174 Compo-

217 1179 302 1233 tebat.
1056 1193 1171 1260 stellano¹
1187 1197 1301 1252 ccclesia
1320 1197 1391 1253 lacta
1408 1208 1451 1255 cst
1465 1198 1634 1269 metropolis.
1658 1196 1708 1253 the
1719 1195 1843 1268 protttiiex

591 1301 627 1314 —·
1056 1280 1199 1339 Tiburtum
1216 1302 1279 1340 cum
1305 1285 1438 1344 Romanis
1459 1289 1582 1355 obsedit;
1601 1287 1649 1344 sed
1673 1288 1749 1343 multi
1768 1288 1842 1359 capti

255 1363 359 1418 Eodem
379 1379 451 1418 anno
474 1364 666 1430 tisserius
687 1367 810 1422 Cumana
825 1376 903 1438 capta
923 1375 966 1424 est
987 1384 1003 1424 a
1055 1383 1130 1441 sunt,
1148 1386 1176 1430 et
1191 1378 1290 1444 occisi;
1310 1379 1418 1435 demum
1438 1380 1539 1435 reversi
1563 1379 1678 1435 llomani
1694 1381 1727 1436 de
1744 1380 1843 1454 Tibur·

216 1456 468 1514 Mediolanensibus
488 1460 515 1514 in
541 1460 664 1531 Augusto
680 1481 686 1516 :
700 1463 852 1533 eodemque
875 1479 946 1518 auno
966 1463 1004 1518 ita
1055 1468 1119 1524 linis
1134 1486 1196 1525 cum
1213 1471 1327 1526 victoria
1353 1473 1566 1543 triumpharunt.
1589 1472 1712 1528 Letharii
1736 1485 1841 1544 tempn-

217 1551 318 1622 gelarit
331 1549 477 1619 Eridanus,
500 1562 530 1607 ut
547 1569 631 1623 super
645 1554 758 1625 glaciem
782 1571 880 1610 currus
893 1563 921 1611 et
940 1554 1004 1626 equi
1055 1561 1133 1616 ribus
1148 1560 1266 1618 Obertus
1278 1563 1421 1620 Cremonae
1439 1565 1497 1620 luit
1511 1566 1666 1635 episcopus,
1683 1567 1729 1636 qui
1751 1565 1842 1621 saneti

216 1641 414 1696 discurrerent.
439 1641 563 1699 Letharii
590 1645 757 1714 temporibus
779 1647 848 1702 sedit
866 1646 1005 1703 Honorius
1055 1651 1179 1720 himerii,
1193 1656 1266 1724 quod
1282 1656 1328 1711 diu
1343 1656 1469 1722 latuerat,
1485 1672 1587 1726 eorpus
1600 1657 1713 1722 invenit,
1728 1667 1755 1711 et
1766 1672 1845 1712 amm

217 1735 245 1786 in
264 1743 376 1804 papat.u;
392 1736 438 1805 qui
453 1751 514 1791 cum
531 1737 629 1792 luisset
641 1739 744 1793 eiectos
759 1737 811 1793 sub
828 1741 1004 1797 contentione
1055 1737 1162 1793 Domini
1192 1740 1270 1805 ileu,
1301 1742 1328 1794 iu
1355 1743 1463 1797 scrineo
1480 1741 1583 1796 serrato
1606 1742 1766 1796 recondidit.
1789 1739 1841 1796 tite

216 1824 368 1880 'theobaldi
384 1829 534 1900 presbytori
549 1830 707 1896 cardinalis,
724 1830 865 1886 humiliter
879 1842 1003 1887 mantum
1054 1827 1201 1884 Lotharius
1215 1846 1286 1885 anno
1302 1830 1409 1886 Domini
1426 1832 1505 1897 ll52,
1518 1831 1644 1888 Crernam
1657 1847 1719 1888 oum
1731 1832 1844 1887 Cremo-

215 1919 354 1989 deposuit.
380 1919 491 1976 Fratres
511 1922 603 1992 itaque
626 1923 749 1980 videntes
767 1923 947 1980 bumilitatem
962 1926 1003 1996 ip·
1055 1920 1187 1975 irensibus
1206 1936 1253 1990 pet·
1264 1937 1386 1976 mensem
1405 1923 1521 1979 obsedit.
1537 1923 1665 1995 Sequenti
1679 1940 1762 1992 anno,
1786 1925 1845 1981 sci·

216 2016 288 2081 sius,
305 2016 474 2071 unanimiter
484 2017 508 2072 ei
523 2018 707 2074 obedientiam
730 2020 925 2089 praestiterunt.
951 2019 1002 2077 llic
1018 1981 1039 2035 B
1054 2015 1118 2069 licet
1132 2014 1209 2079 ¹¹35.
1226 2023 1414 2071 ⁶0nsllttclt¹m
1432 2027 1474 2073 est
1490 2029 1611 2075 castrum
1637 2019 1843 2083 ticewmilums

215 2122 279 2160 curn
294 2106 470 2162 descenderet
483 2108 511 2161 in
528 2107 670 2183 Apuliam,
696 2117 726 2163 ut
739 2125 802 2164 cum
823 2108 940 2180 lingerio
960 2109 1003 2164 di·
1052 2125 1099 2164 seu
1116 2111 1318 2166 viscontonum.
1333 2109 1446 2167 hemum
1457 2112 1657 2169 Cremonenses
1671 2112 1843 2183 imperialem

214 2195 341 2264 micaret,
370 2198 536 2268 investigans
568 2197 690 2255 fraudem
719 2200 875 2268 baronum,
898 2201 1002 2258 saniori
1052 2200 1233 2256 defenderunt
1249 2203 1428 2273 majestatem.
1446 2205 1526 2260 Anno
1544 2203 1652 2260 Domini
1668 2205 1749 2266 tle5.
1767 2204 1840 2262 idern

214 2287 334 2344 consilio
350 2288 498 2361 bogerium
514 2292 547 2346 de
560 2290 662 2346 ducatu
673 2292 778 2363 Apuliae
791 2294 939 2348 investivit.
953 2292 1003 2347 ilie
1052 2292 1220 2347 victoriosus
1232 2294 1380 2363 imperator
1388 2292 1736 2365 bassianumcaeterasque
1753 2303 1841 2351 terras

214 2396 265 2452 per
279 2380 390 2437 Petrum
404 2384 591 2454 presbyterum
618 2385 796 2451 cardinalem,
817 2387 1001 2457 patriarcham
1052 2384 1157 2439 circum
1173 2383 1354 2455 depopulatus
1367 2385 1477 2452 iurasit,
1490 2398 1517 2442 ct
1529 2385 1616 2458 legem
1628 2385 1662 2441 de
1674 2385 1763 2442 leudis
1774 2400 1840 2442 eon·

215 2473 429 2543 Aquileienscm.
445 2483 471 2530 et
485 2473 617 2530 venetum
632 2477 767 2547 deposuit.
786 2467 857 2533 iluic'
870 2476 1003 2533 innocen·
1051 2476 1121 2533 didit
1136 2475 1290 2533 edictalem.

215 2568 271 2622 tius
289 2582 358 2637 papa
385 2569 535 2632 successit,
551 2569 598 2639 qrti
620 2585 729 2641 qnoque
752 2571 804 2626 sub
827 2571 1003 2627 contentione
1423 2600 1460 2614 -

214 2674 278 2714 ⁰⁰¹¹]
294 2657 386 2727 Pl²l02
411 2657 483 2714 Petri
500 2659 598 2716 L⁸⁰¹¹l⁸
615 2662 773 2734 Pffflbl'tero
789 2665 932 2729 edidimus
957 2663 1002 2719 ⁶¹¹¹
1054 2681 1119 2738 lioec
1134 2683 1272 2739 adduntur
1288 2702 1320 2740 en
1336 2688 1424 2741 codice
1439 2684 1557 2741 Estenar'.
1570 2715 1606 2727 -
1620 2685 1659 2740 De
1670 2685 1841 2742 multitudine

214 2751 364 2807 Artacletus
389 2767 488 2807 nomen
513 2751 682 2824 imponitur,
706 2755 759 2812 luit
780 2758 895 2813 electus.
919 2756 1001 2813 lnnu-
1368 2759 1524 2811 sericorum.

215 2845 307 2900 centio
330 2845 437 2911 clerus,
465 2846 512 2901 sed
545 2847 674 2903 Anaclcto
709 2858 807 2919 prater
829 2849 1003 2923 Fragepauos
1052 2855 1060 2894 ί
1088 2849 1168 2904 Anno
1194 2847 1303 2904 bomini
1330 2850 1416 2917 tth't,
1441 2851 1468 2904 in
1495 2850 1606 2921 regione
1631 2849 1840 2908 Palestinorum

215 2933 370 2991 Romanum
400 2937 498 3008 vulgus
530 2938 817 2999 ethesiuhmctems
840 2943 1001 3000 crucilirum
1053 2944 1200 2999 multitudo
1226 2942 1381 3000 soricorum
1401 2943 1535 3010 ebullivit,
1556 2955 1616 3014 que
1638 2943 1765 2999 boveset
1786 2944 1840 2999 alia

215 3044 343 3096 aureum,
364 3045 516 3102 aureasque
538 3047 666 3101 coronas,
689 3043 716 3089 et
736 3036 914 3093 ecclesiarum
939 3039 1002 3095 the·
1052 3036 1183 3091 animalia
1207 3037 1365 3103 devorabat,
1390 3045 1418 3091 et
1445 3044 1503 3092 sata
1531 3037 1640 3107 penitus
1664 3036 1839 3105 devastabat;

216 3136 317 3176 sauros
336 3120 484 3190 accipiens,
500 3122 526 3177 in
545 3122 670 3193 Apuliam
696 3139 726 3180 se
746 3127 857 3196 recepit,
873 3138 900 3183 ct
913 3128 1001 3202 liege-
1053 3129 1152 3200 quihus
1169 3130 1195 3184 in
1215 3128 1392 3184 vallestribus
1406 3126 1552 3200 Tyriorum
1566 3128 1732 3203 cataclysmo
1745 3129 1842 3201 depul-

216 3212 289 3267 rium
308 3227 398 3282 regem
413 3227 474 3268 esse
491 3216 637 3270 concessit.
654 3214 830 3274 innocentius
844 3235 908 3276 vero
923 3223 1002 3278 navi·
1053 3221 1103 3291 sis,
1118 3223 1193 3295 regio
1213 3223 1258 3278 illa
1275 3230 1372 3294 putore
1385 3227 1514 3293 corrupta
1531 3234 1581 3279 est.

215 3303 261 3373 gio
276 3301 354 3359 Pisas
369 3304 500 3374 pervenit,
516 3315 544 3360 et
570 3307 641 3361 inter
664 3307 778 3366 Pisanos
801 3321 830 3368 et
848 3310 1036 3376 Januenscsc
1052 3317 1092 3372 lle
1104 3317 1259 3372 boamundo
1270 3326 1294 3372 et
1308 3316 1340 3371 de
1354 3317 1434 3388 pestis
1451 3333 1510 3386 qooe
1525 3316 1631 3384 [uernat
1650 3332 1699 3369 rue
1714 3324 1838 3386 tempere.

215 3403 327 3464 treugas
352 3395 462 3465 posuit;
487 3395 549 3451 inde
568 3398 744 3467 proficiscens
775 3403 846 3473 apud
869 3403 1001 3461 Sanctum
1088 3409 1193 3464 Eodem
1210 3423 1283 3463 anno
1307 3405 1483 3463 Boamundus
1501 3404 1689 3461 Antiocbcuus
1711 3406 1840 3476 oppidum

215 3484 358 3556 AEgidium
373 3487 521 3543 concilium
534 3487 692 3545 celebravit.
712 3489 860 3550 Trarrsiens
874 3496 901 3549 in
914 3495 1001 3551 Fran·
1052 3502 1236 3573 caphardam,
1257 3501 1330 3572 quod
1351 3508 1393 3556 est
1417 3514 1501 3569 prope
1523 3498 1674 3568 Apalmiam
1692 3497 1735 3552 vel
1758 3497 1842 3552 Eulo-

214 3579 317 3634 ⁰³²m²
333 3577 473 3635 L⁰d⁰l5⁶⁰
488 3595 551 3652 rege
568 3580 749 3650 Frissfflfllffi·
764 3593 791 3640 θῑ
807 3583 924 3642 flelffiffl
939 3603 1001 3658 ¹080
1052 3599 1147 3661 miam,
1169 3593 1286 3660 obsedit,
1302 3603 1330 3648 et
1346 3591 1513 3646 habitatores
1532 3591 1596 3646 licet
1615 3606 1644 3646 se
1659 3589 1745 3645 multu
1767 3589 1840 3646 redi·

214 3672 367 3743 bogiorum
384 3673 533 3730 honorilice
551 3685 695 3746 susceptus
707 3686 760 3733 est.
776 3677 957 3751 Progrediens
972 3682 1000 3737 in
1054 3701 1130 3744 mere
1149 3684 1272 3740 volentes
1294 3682 1405 3738 occidit.
1433 3681 1485 3736 Sed
1502 3692 1562 3737 orta
1579 3691 1621 3737 est
1637 3682 1706 3736 inter
1730 3697 1793 3737 eum
1814 3689 1842 3737 et

214 3763 540 3836 Letharingiam,arege
554 3766 683 3822 bethario
698 3771 909 3840 promissionem
923 3789 1002 3830 acce·
1052 3778 1228 3836 Gonselinum
1247 3775 1373 3830 comitem
1390 3773 1553 3830 Edissenum
1583 3774 1717 3830 immensa
1732 3773 1840 3830 discor·

214 3859 265 3929 pir,
281 3858 355 3929 qnod
369 3873 431 3914 eum
445 3857 478 3912 ad
494 3856 568 3915 Beati
584 3858 656 3918 Petri
669 3863 760 3919 sedem
770 3865 919 3921 reduceret.
931 3865 1003 3922 lled·
1052 3873 1107 3937 (iia,
1123 3881 1153 3926 ut
1176 3885 1262 3942 usque
1283 3869 1318 3925 ad
1340 3867 1491 3923 Antiochiae
1511 3879 1606 3921 muros
1627 3865 1758 3938 diriperet
1778 3862 1840 3921 unl-

215 3950 277 4005 lens
294 3951 387 4021 itaque
402 3949 514 4008 biremis
528 3956 699 4022 securrdum,
711 3965 738 4011 et
753 3955 823 4026 apud
835 3955 1001 4014 Placentiam
1052 3980 1142 4022 versa.

216 4049 327 4105 tertium
344 4048 492 4109 conciliem
515 4054 672 4109 celebravit.
686 4053 823 4110 Reversus
837 4054 916 4112 Pisas
931 4056 1002 4112 iuter
1247 4051 1286 4107 De
1300 4050 1478 4106 destructione
1495 4047 1645 4120 Syracuse.

215 4143 332 4205 Pisanus
345 4157 372 4202 et
386 4146 537 4204 lanuenses
551 4163 644 4218 pacem
658 4149 822 4218 composuit,
835 4156 863 4204 et
881 4148 1002 4205 recolens
1086 4145 1189 4202 Eodem
1204 4158 1277 4199 arrno
1299 4142 1410 4198 barbari
1433 4141 1596 4213 syracusam
1612 4141 1748 4197 civitatem
1762 4140 1841 4197 inva-

215 4239 349 4296 benetieia
363 4239 415 4295 sibi
431 4255 446 4295 a
464 4238 572 4295 Pisanis
583 4249 609 4296 et
625 4238 811 4296 laonensihus
823 4240 932 4310 coliata,
957 4241 1002 4297 Pi·
1052 4237 1131 4303 dunt,
1148 4238 1324 4305 comburunt,
1340 4245 1367 4292 et
1382 4244 1479 4292 cuneta
1495 4233 1635 4304 diripiunt.

214 4330 1003 4404 sanceconcessitEcclesiaeprimatumSardiniae,cttres
1054 4375 1170 4446 Deme
1194 4374 1339 4438 Rumam,
1366 4381 1391 4427 e,
1418 4372 1451 4425 de
1476 4369 1651 4424 celebratione
1673 4370 1791 4437 canet-m,
1815 4377 1843 4424 a

214 4424 391 4494 ⁰P5⁵00P³¹¹¹⁸
405 4423 432 4478 3¹¹
447 4422 591 4477 PP⁰V5¹¹⁰5³
606 4423 735 4480 cmm·
751 4421 916 4479 J²¹¹¹¹⁰¹¹⁵⁶¹¹¹
937 4441 1003 4481 “³¹⁰
1088 4447 1289 4570 cotyirmotr'oue
1300 4444 1417 4504 rnilitioe,
1440 4441 1555 4507 ordinis,
1570 4449 1595 4494 et
1608 4440 1706 4510 regule
1730 4439 1843 4512 Templi,

213 4516 346 4570 eremita
367 4513 538 4581 subiectione
550 4513 678 4571 Ecclesia
692 4514 915 4585 Mediolanensis,
927 4534 1000 4573 eam·
1088 4527 1113 4572 et
1145 4516 1322 4586 egenisque
1337 4515 1443 4583 [uerrunt
1460 4512 1549 4564 cedent
1563 4523 1687 4580 tempore.

214 4623 268 4678 quc
282 4606 457 4675 metropolim
482 4605 595 4670 iaciens,
612 4606 728 4676 subjecit
740 4607 765 4662 ei
788 4606 960 4675 Bobiensem‚
976 4617 1003 4664 et
1088 4609 1169 4664 Anno
1182 4607 1290 4662 bomini
1309 4605 1388 4670 llud,
1406 4620 1451 4658 res
1466 4602 1615 4658 balduinus
1630 4603 1759 4673 oppidum
1781 4602 1842 4659 Bla-

213 4697 350 4769 quosdam
369 4695 534 4753 corsicanos
547 4697 704 4768 episcopos.
721 4697 791 4753 Dum
804 4700 862 4755 brec
886 4716 1000 4770 ageren-
1055 4703 1163 4766 basam,
1177 4697 1279 4769 qrroda
1298 4695 1400 4750 Sidone
1412 4703 1530 4764 quatuor
1550 4693 1687 4748 milliariis
1698 4693 1725 4746 in
1749 4693 1844 4750 arduis

215 4798 270 4856 tur,
286 4802 351 4843 ecce
364 4803 412 4843 rer
425 4786 572 4844 berharius
587 4786 701 4844 lestinus
715 4789 867 4859 promissor
880 4790 999 4846 advenit.
1054 4794 1216 4853 aedificatum
1239 4791 1339 4857 luerat,
1361 4787 1468 4843 obsedit
1488 4794 1515 4841 et
1536 4787 1617 4857 cepit.
1643 4785 1744 4842 Eodem
1769 4801 1844 4842 anne

215 4880 274 4936 ilex
290 4882 374 4951 igitur
388 4888 415 4935 et
426 4880 548 4951 pontiier
572 4878 673 4936 Urbem
687 4881 790 4951 pariter
802 4883 938 4951 adierunt,
955 4883 1002 4940 ubi
1053 4887 1125 4958 apud
1141 4883 1242 4940 Treeas
1257 4881 1541 4951 archiepiscoporum,
1558 4889 1585 4936 et
1598 4880 1803 4950 episcoporum,
1816 4889 1843 4936 et

214 4976 340 5045 pentilex
352 4975 444 5030 sedem
471 4973 665 5031 Laterancnsis
679 4974 819 5043 scelesta,
837 4987 864 5033 et
884 4995 931 5034 rer
952 4978 1003 5034 im·
1054 4980 1194 5044 ahbatum,
1212 4977 1282 5032 inter
1296 4990 1368 5046 quos
1383 4984 1495 5033 sanctus
1508 4975 1665 5032 bernardus
1679 4972 1767 5027 adluit
1777 4970 1843 5027 Cla·

214 5067 319 5137 periale
332 5067 452 5121 obtinuit
476 5068 612 5122 diadema.
636 5066 702 5122 Post
725 5067 783 5124 baee
798 5070 948 5141 imperator
974 5073 1001 5128 in
1052 5070 1230 5136 ravellensis,
1245 5068 1392 5125 concilium
1415 5078 1457 5126 cst
1478 5069 1656 5126 celebratum.
1672 5065 1701 5122 in
1723 5081 1778 5138 quo
1792 5064 1844 5120 init

212 5161 423 5227 Alamanniam,
447 5169 475 5216 et
494 5161 616 5232 pontifex
638 5161 786 5216 reuertitur
807 5163 841 5217 ad
863 5165 1002 5221 civitatem
1047 5163 1158 5234 'Templi
1174 5163 1270 5217 militia
1284 5161 1473 5228 corroborata,
1485 5168 1512 5216 et
1533 5159 1637 5231 Regula
1661 5157 1747 5214 saneti
1768 5155 1843 5210 mili·-

212 5249 356 5317 Pisanam,
382 5251 427 5307 ubi
462 5263 591 5322 quartum
614 5253 760 5308 concilium
787 5255 944 5313 celebravit.
970 5258 1003 5315 Et
1053 5256 1121 5312 taris
1145 5255 1251 5310 ordinis
1273 5254 1407 5309 instituta.
1427 5251 1550 5307 Lotharii
1577 5249 1746 5320 temporibus
1772 5247 1844 5302 sedit

213 5344 346 5415 quostiam
362 5331 495 5417 hogerius
507 5343 617 5401 Petrum
633 5343 843 5400 heresiarcham
857 5350 1003 5420 agnomine
1054 5349 1193 5404 lionorius
1217 5347 1244 5401 iu
1259 5355 1371 5417 papatu,
1395 5345 1442 5416 qui
1466 5361 1528 5399 cum
1553 5343 1649 5400 luisset
1667 5342 1770 5397 electus
1791 5339 1844 5395 sub

214 5436 378 5492 Anaelctum
390 5437 480 5492 adhue
495 5437 522 5491 in
538 5452 631 5491 errore
652 5435 781 5505 fovebat,
800 5439 1004 5497 Christianissi·
1053 5441 1229 5501 contentione
1244 5437 1395 5493 Tbcobaldi
1407 5436 1557 5493 cardinalis
1573 5433 1774 5507 etpresbyteri,
1791 5432 1844 5487 hu·

215 5545 279 5586 mus
295 5529 455 5601 imperator,
471 5528 599 5585 Ecclesiae
622 5530 770 5586 Catholicae
787 5531 944 5597 advocatus,
968 5533 1003 5590 de
1053 5532 1154 5588 militer
1176 5538 1299 5583 mantum
1320 5528 1454 5597 deposuit.
1484 5526 1593 5582 Fratres
1612 5527 1703 5595 itaque
1719 5523 1844 5582 videntes

214 5621 380 5677 Alamannia
395 5621 522 5687 rediens,
545 5638 607 5677 curo
621 5636 730 5676 summo
750 5622 877 5692 pontilice
898 5623 1003 5694 Apuliae
1053 5623 1235 5681 humilitatem
1250 5622 1339 5692 ipsius
1351 5620 1519 5676 unanimiter
1535 5620 1560 5675 ei
1575 5618 1758 5675 obedientiam
1773 5633 1843 5689 prm·

216 5717 289 5771 lines
302 5715 415 5781 invasit,
431 5725 458 5770 et
475 5724 558 5770 totam
575 5715 693 5785 potentis
708 5716 878 5772 fortitudinis
889 5717 1002 5775 brachio
1053 5717 1193 5774 stiterunt.
1215 5713 1266 5769 llic
1280 5729 1343 5769 cum
1359 5713 1535 5769 descenderet
1547 5711 1574 5766 in
1589 5710 1728 5783 Apuliam,
1739 5720 1843 5766 uteunr

216 5805 386 5878 artbjugavit.
403 5805 536 5879 hogerius
550 5807 681 5862 antemio
698 5807 820 5865 Siciliam
839 5807 918 5882 lugit.
930 5809 1003 5867 Porro⁴
1048 5809 1172 5879 thogerio
1187 5807 1343 5872 dimicaret,
1366 5803 1535 5876 investigans
1551 5803 1676 5860 lrauderu
1694 5803 1841 5870 baronum,

217 5896 286 5955 tilex
302 5897 387 5969 igitur
401 5907 428 5954 et
441 5898 592 5968 imperator
602 5896 753 5957 Rainonem
767 5899 864 5957 ducem
879 5901 1003 5958 lecerunt
1054 5898 1157 5955 saniori
1174 5897 1291 5981 consilio
1311 5895 1458 5968 bogerium
1475 5897 1509 5953 de
1525 5897 1625 5952 demta
1640 5894 1745 5966 Apuliae
1762 5892 1841 5949 inre·

217 5991 336 6063 Apuliae.
356 5990 455 6064 sicque
475 5990 595 6061 pontiler
616 5989 650 6046 ad
674 5988 786 6060 Urbem,
808 6001 835 6049 ct
853 5993 1001 6066 imperator
1053 5993 1140 6052 stirit.
1159 5990 1207 6048 llic
1221 6005 1270 6062 per
1286 5987 1407 6062 Petrum,
1421 5999 1473 6050 etc.
1489 6001 1516 6046 ot
1542 6005 1623 6062 cupro
1635 6005 1717 6063 etque
1737 5986 1773 6045 ed
1791 5985 1842 6069 iile
