4350 6709
217 527 271 583 'iSS
543 518 550 538 “
727 523 937 586 intonantis
956 528 1140 586 ADVERSUS
1159 529 1323 588 SUDAEUM.
1790 534 1840 590 :st

217 647 350 718 negenite
363 660 432 704 sum.
447 645 511 715 quia
529 661 583 701 non
598 657 640 703 est
655 646 756 718 aliquid
771 655 930 718 generatum
945 647 1005 704 sine
1021 659 1043 714 Α
1057 665 1155 719 magna
1168 648 1329 712 lunrineritss
1342 650 1504 720 'statiuaque
1516 649 1667 722 subjungit,
1687 659 1711 704 et
1732 655 1839 720 stellas,

216 747 377 812 moerente.
404 737 560 795 Gessitorem
587 740 695 810 cogeris
715 739 842 797 conliteri
869 741 951 796 simul
977 747 1006 796 et
1054 751 1079 796 et
1097 741 1183 811 posuit
1201 756 1247 796 ees
1267 742 1295 795 in
1313 741 1479 810 firmamento
1496 742 1566 807 omli,
1580 753 1608 796 ut
1630 741 1747 798 lucerent
1761 761 1841 815 super

215 834 349 904 genitum.
380 829 458 898 Quod
491 840 533 888 εει
556 832 623 888 illud
642 834 785 904 genitum?
812 833 904 906 lpsuru
932 834 1005 906 qttod
1056 845 1154 889 terram
1179 833 1256 901 (Gen.
1274 834 1305 906 r).
1328 832 1400 906 Ergo
1422 832 1540 904 Spiritus
1569 833 1717 891 Deilleus„
1743 834 1840 892 Utrum

215 931 317 981 cunda
332 923 545 994 perendinando
555 926 807 996 enaretadisposuit,
823 927 895 998 qrtotl
906 933 1007 982 cuncta
1056 927 1179 997 operatio
1197 942 1292 983 eorum
1307 926 1449 983 indiuidua
1465 927 1501 983 sit
1515 924 1613 984 isaiam
1628 927 1779 1000 interroga.
1806 926 1841 982 St

215 1013 321 1069 cressit
337 1027 400 1068 coru
414 1013 538 1069 Domino.
555 1012 644 1084 lpsuro
657 1023 702 1070 est
720 1016 794 1085 quod
807 1017 883 1086 prins
897 1016 1004 1072 dietum
1057 1034 1126 1073 nune
1149 1018 1288 1085 Dominus,
1315 1019 1413 1091 inquit.
1442 1019 1516 1075 taisit
1537 1035 1578 1073 nte
1600 1029 1624 1074 ει
1639 1018 1756 1090 Spiritus
1781 1022 1840 1092 ejus

215 1103 445 1174 estprincipiutu
468 1103 496 1158 iu
510 1113 676 1174 quoeunrta
692 1115 755 1160 sunt
770 1115 881 1183 creata;
901 1116 997 1176 postea
1056 1108 1135 1179 (lsai.
1159 1110 1265 1182 sustu).
1291 1108 1351 1165 Non
1374 1110 1464 1166 solum
1487 1107 1596 1174 isaiam,
1622 1109 1670 1167 sed
1693 1117 1720 1165 et
1744 1125 1840 1168 omnes

216 1194 308 1265 imago
315 1193 349 1249 sd
357 1210 438 1265 quam
448 1195 586 1252 lactusest
599 1196 696 1252 borao:
714 1199 830 1254 bicuero
841 1198 943 1254 dieitur
953 1196 1003 1253 Sa·
1056 1200 1204 1271 propbetas
1218 1201 1338 1271 implevit
1351 1203 1401 1257 iste
1414 1198 1534 1272 Spiritus
1545 1211 1651 1258 creator
1665 1202 1837 1265 escondttor.

214 1287 330 1356 mentia.
341 1287 443 1358 quade
456 1287 501 1342 ills
513 1282 790 1362 divirra‘gcneratio'ne
798 1290 914 1345 mirabili
924 1297 1006 1361 atque
1056 1291 1136 1344 tertia
1151 1306 1264 1361 persona
1273 1291 1302 1346 in
1318 1290 1460 1354 Trinitate.
1472 1306 1554 1348 uerus
1568 1289 1711 1349 Deuscum
1720 1290 1801 1350 Patre
1813 1303 1840 1350 et

216 1378 349 1435 ineffabili
369 1395 420 1434 nos
435 1379 464 1434 in
491 1390 625 1451 quantuni
648 1381 710 1437 licet
737 1381 817 1437 docet
836 1388 864 1437 et
879 1382 1006 1451 instruit,
1056 1380 1125 1436 Filio
1145 1383 1292 1438 inusitate
1315 1383 1493 1450 substantiae3
1510 1382 1625 1440 undeet
1643 1382 1679 1440 ab
1695 1384 1791 1442 electis
1811 1385 1841 1442 itt

216 1471 283 1527 alibi
301 1470 403 1526 dieitur
422 1472 567 1526 brachium
589 1470 708 1538 Domini,
724 1472 790 1527 alibi
806 1488 849 1538 os,
870 1473 1006 1529 alibiuer·
1056 1470 1251 1530 Ecclesiastico
1264 1474 1366 1530 dieitur
1382 1494 1388 1530 :
1405 1472 1521 1546 Opunta
1540 1475 1623 1532 bonus
1636 1485 1661 1532 et
1675 1477 1764 1532 suetis
1788 1486 1839 1544 εει,
1867 1543 1870 1549 .

216 1562 295 1627 bum,
313 1562 379 1616 slibi
395 1576 503 1625 roanos,
522 1562 587 1617 alibi
602 1562 717 1631 destra;
734 1570 836 1619 etcum
858 1571 900 1618 tot
912 1565 1006 1635 appel·
1057 1562 1179 1629 Domine,
1189 1563 1304 1634 Spiritus
1319 1574 1379 1620 tuus
1391 1565 1418 1619 in
1432 1564 1526 1620 nolis!
1539 1563 1614 1637 (Sap.
1630 1565 1772 1638 ιιι).οεἰά
1785 1566 1842 1624 Deo
1868 1623 1874 1647 ,

216 1655 290 1710 letor
303 1656 470 1722 nominibus,
485 1671 570 1710 unum
581 1670 680 1712 nomen
692 1667 745 1718 est.
758 1655 832 1727 quod
846 1656 941 1712 neseio
951 1671 1005 1726 qrra
1055 1656 1154 1713 ntelius
1168 1664 1196 1712 et
1209 1657 1341 1714 suavius?
1354 1656 1424 1726 Quid
1435 1657 1543 1714 dulcius
1558 1658 1604 1727 illa
1618 1657 1763 1716 dulcedine
1780 1676 1842 1732 quse

216 1749 251 1803 de
264 1761 348 1803 musa
362 1758 476 1803 exosum
504 1745 599 1809 habes,
622 1746 648 1800 in
663 1762 718 1817 quo
732 1745 862 1802 divinitas
873 1747 933 1817 ejus
947 1763 1006 1801 nra·
1055 1748 1139 1804 corda
1156 1756 1312 1806 sanctorum
1329 1750 1472 1807 illustrat?
1486 1749 1577 1823 lpsurn
1593 1751 1773 1824 tamenquotl
1785 1762 1841 1809 tam

215 1837 489 1902 ailestedeclaratur‚
506 1852 568 1893 curn
581 1837 617 1892 ab
631 1837 692 1907 ipso
707 1837 822 1894 Domino
833 1838 867 1893 ad
879 1838 1004 1895 eunrdens
1055 1840 1146 1907 dulce.
1163 1849 1219 1897 tam
1233 1857 1317 1898 suase
1331 1850 1384 1907 est.
1409 1843 1462 1899 boe
1476 1843 1587 1901 nomine
1607 1844 1747 1903 subtiliter
1759 1859 1843 1901 soca-

216 1927 381 2000 l‘ropbetam
400 1927 502 1983 dieitur
514 1946 522 1984 s
535 1925 625 1983 Filius
640 1944 713 1983 nuss
726 1944 754 1983 es
770 1937 808 1994 tu,
819 1944 866 2001 epo
876 1927 1005 2001 indispe-
1055 1941 1153 1990 serunt
1167 1934 1241 2005 quod
1253 1944 1296 1990 εει
1309 1933 1441 2005 Spiritus.
1454 1936 1535 2007 eujus
1551 1936 1579 1992 in
1593 1936 1646 1993 boe
1665 1937 1739 2009 quod
1751 1938 1841 1996 bonus

215 2021 263 2076 ssi
275 2030 303 2075 ts
316 2018 404 2091 (Psoi.
419 2019 461 2088 rs).
1019 2005 1041 2066 Β
1054 2032 1081 2080 ει
1095 2022 1142 2080 liei
1154 2024 1264 2092 dieitur,
1282 2035 1387 2080 naturae
1404 2025 1497 2083 unitas
1507 2035 1535 2082 et
1546 2041 1671 2097 personae
1684 2027 1840 2099 proprietas

424 2109 491 2166 Filii
502 2110 639 2182 generatio
648 2112 788 2170 asseritur.
1054 2116 1298 2188 designatur.Nam
1310 2132 1372 2172 eum
1385 2118 1442 2174 sint
1456 2117 1501 2174 alii
1524 2118 1638 2190 spiritus
1647 2119 1694 2191 qui
1709 2120 1842 2177 dicuntur

249 2200 522 2268 tertonensibus
549 2203 662 2268 strides,
678 2211 707 2259 et
727 2209 806 2260 torro
825 2219 870 2261 nro
887 2205 1005 2277 respicis
1054 2206 1138 2273 boni,
1164 2208 1256 2264 nullus
1282 2216 1374 2266 tamen
1393 2224 1489 2265 eorum
1519 2215 1603 2265 tantas
1629 2208 1763 2268 bonitatis
1793 2217 1842 2265 aut

216 2291 394 2351 sesloillaee
411 2294 568 2350 testimonia
590 2310 651 2365 quae
673 2301 770 2349 eontra
785 2300 811 2349 te
836 2293 946 2365 protero
961 2295 1004 2350 di·
1054 2305 1136 2354 tanta
1158 2298 1269 2356 virtutis
1289 2314 1341 2366 est,
1357 2299 1404 2371 qui
1420 2299 1504 2356 eorda
1528 2308 1688 2357 sanctorum
1709 2295 1846 2373 tanquam

215 2386 281 2442 slas
296 2391 372 2453 sunt,
389 2392 418 2441 et
442 2386 557 2455 abipso
581 2384 698 2442 Morino
711 2384 794 2444 dicta.
819 2384 848 2441 Si
865 2394 944 2459 potes
970 2404 1004 2444 ea
1053 2389 1126 2448 Deus
1145 2391 1293 2456 inhabitet,
1310 2399 1336 2448 el
1362 2391 1409 2447 tali
1429 2392 1563 2448 suauitate
1586 2392 1759 2465 permisceat,
1776 2407 1841 2469 quas

215 2479 352 2542 refellere.
369 2479 452 2535 Mum
466 2494 560 2534 serum
577 2479 646 2536 salsa
660 2479 764 2536 dixisse
778 2479 918 2550 probabis,
930 2482 1003 2553 quod
1053 2497 1109 2538 non
1131 2490 1174 2539 est
1192 2483 1267 2538 aliud
1283 2483 1337 2539 nisi
1358 2482 1485 2547 Deus..ol
1498 2483 1524 2539 ei
1539 2482 1575 2538 ab
1587 2483 1690 2541 eisdem
1710 2484 1839 2545 dicatur:

215 2570 446 2643 impossibileesl.
458 2569 529 2628 Dcus
544 2568 624 2628 serus
637 2571 671 2627 de
685 2587 715 2628 εε
726 2573 785 2643 ipso
795 2586 859 2628 sera
869 2572 1001 2644 loquitur,
1055 2574 1094 2631 Tu
1108 2577 1136 2631 in
1147 2576 1221 2631 nobis
1234 2592 1271 2642 ει.
1284 2576 1406 2640 Domine,
1420 2585 1445 2630 et
1460 2592 1553 2631 nomen
1565 2584 1640 2631 tuum
1659 2585 1781 2632 sanctum
1797 2576 1841 2633 itt-

215 2679 280 2721 sors
300 2662 337 2720 tle
352 2660 422 2718 Filio
436 2677 487 2718 suo
501 2670 631 2720 testatur.
647 2660 672 2717 F
674 2664 747 2729 iiius,
763 2663 869 2735 inquit.
889 2680 961 2719 mern
975 2681 1003 2719 es
1052 2680 1173 2723 necatum
1188 2678 1230 2725 εει
1242 2684 1320 2740 super
1334 2685 1381 2724 nos
1393 2666 1460 2741 (Jer.
1472 2669 1541 2741 ssu).
1567 2668 1649 2726 lituo
1677 2669 1779 2743 quippe
1797 2678 1841 2726 est

215 2767 261 2822 ts,
275 2772 323 2826 spo
343 2754 420 2810 indie
430 2756 507 2827 penui
521 2764 555 2811 te.
572 2755 643 2822 Quid
655 2756 700 2812 bie
715 2755 840 2812 dicturus
854 2756 907 2813 esi
920 2754 1003 2814 Forte
1052 2761 1169 2818 olliciurn
1190 2762 1341 2827 seruitutis,
1361 2761 1435 2817 aliud
1448 2761 1557 2817 bonitas
1571 2769 1599 2818 et
1613 2762 1735 2819 suavitas
1753 2759 1841 2819 'Cres-

213 2848 289 2920 quotl
306 2849 358 2903 boc
381 2848 416 2903 de
438 2847 525 2902 Dauid
549 2848 658 2905 locutus
671 2856 714 2905 est
736 2848 878 2905 Dominus.
891 2847 1002 2919 Expone
1055 2853 1135 2909 toris.
1153 2851 1268 2911 Sialius
1282 2853 1312 2909 itl
1333 2853 1360 2908 in
1376 2866 1471 2908 sorum
1493 2851 1623 2910 cordibus
1635 2858 1738 2925 ageret,
1754 2857 1781 2908 ei
1806 2858 1839 2909 ea

213 2952 281 3011 ergo
293 2952 388 2993 serum
410 2952 472 2994 esse
487 2935 521 2995 de
546 2953 579 2994 eo
600 2937 674 3009 qrtod
693 2939 837 3010 sequitur:
854 2939 929 2994 Dabo
954 2938 1003 2993 tili
1053 2951 1128 2998 tanta
1141 2942 1244 2998 loneret
1254 2941 1399 3002 dulcedine
1413 2957 1493 3016 quarn
1506 2944 1565 3013 lpse
1576 2941 1839 3014 benebentanum

213 3041 302 3109 putes
322 3029 501 3086 nereditatem
521 3039 547 3085 et
570 3032 761 3099 possessionem
781 3041 858 3086 tuum
876 3032 1002 3087 terminos
1053 3033 1112 3105 pari
1128 3033 1266 3089 desiderio
1281 3033 1332 3090 soli
1348 3031 1464 3088 Domino
1473 3033 1615 3089 dicerent:
1634 3031 1840 3105 anatrtdonsts

214 3132 294 3178 terra
308 3122 408 3195 titia).
423 3121 508 3177 Dauid
525 3138 580 3178 nou
605 3123 727 3194 possedit
753 3125 885 3181 serotinos
910 3131 1000 3189 terrae,
1052 3133 1076 3179 et
1091 3125 1238 3192 suaviust,
1251 3124 1373 3190 Domine,
1390 3122 1506 3194 Spiritus
1526 3134 1586 3180 tuos
1602 3125 1630 3179 in
1653 3124 1748 3180 nolis!
1763 3120 1840 3196 (Sep.

215 3217 272 3271 irno
297 3216 381 3271 aliurn
404 3231 597 3286 possessurum
613 3231 675 3272 esse
699 3215 842 3287 praedixit,
859 3232 920 3272 eunt
936 3216 999 3272 ait:
1052 3222 1115 3284 su.)
1140 3215 1348 3288 lipomannus,
1364 3216 1411 3287 qui
1433 3231 1518 3272 ununr
1538 3215 1738 3272 solumbonum
1753 3217 1842 3288 inspl-

213 3307 402 3363 Dominabitur
425 3325 441 3360 a
464 3308 534 3362 mori
552 3323 633 3378 sepse
653 3306 688 3361 od
702 3324 785 3374 more,
801 3316 827 3362 et
849 3324 865 3361 a
892 3308 1035 3409 parisinae
1052 3315 1096 3367 rat
1110 3308 1238 3379 sineque
1254 3324 1309 3363 non
1324 3317 1367 3364 est
1382 3307 1467 3372 aliud,
1480 3308 1553 3379 quod
1563 3308 1609 3379 qui
1621 3307 1734 3380 adeptus
1745 3306 1847 3375 luerit,¹

214 3416 295 3469 sense
310 3399 345 3453 ed
360 3400 482 3454 termines
497 3399 567 3453 orbis
579 3407 711 3453 terrarum
731 3398 818 3471 (Ptol.
834 3400 930 3471 ειειι).
947 3396 1001 3454 Seri
1051 3415 1085 3456 eo
1097 3400 1195 3457 melius
1218 3399 1319 3455 babere
1340 3416 1396 3455 non
1414 3407 1513 3470 potest.
1532 3399 1624 3454 Bonus
1636 3408 1679 3455 est
1693 3414 1748 3471 quo
1768 3412 1840 3472 prae·

214 3505 305 3561 neque
321 3486 451 3544 Salomon
473 3489 546 3544 lilius
564 3489 625 3558 ejus
641 3504 762 3558 unquam
776 3488 897 3543 obtinuit
917 3488 1002 3560 AEgy·
1051 3498 1129 3546 sente
1144 3489 1247 3545 recedit
1262 3503 1343 3544 otone
1359 3488 1473 3555 malunt,
1492 3488 1538 3544 dat
1552 3503 1632 3544 omne
1646 3489 1758 3555 bonum,
1774 3491 1847 3561 qula·

214 3591 303 3654 punt,
320 3589 367 3636 sut
381 3579 560 3650 Ethiopian,
578 3589 624 3635 aut
638 3591 752 3636 uaeoeras
772 3581 908 3645 nationes,
926 3579 1001 3651 quoti
1050 3582 1110 3652 ipse
1124 3582 1200 3637 adest
1223 3581 1271 3654 qui
1288 3579 1349 3637 lons
1370 3587 1398 3636 ει
1409 3580 1487 3652 origo
1501 3581 1586 3637 totius
1600 3581 1666 3636 boni
1681 3588 1734 3637 est.
1752 3580 1839 3649 Qttorn

215 3673 358 3745 Scriptura
379 3672 539 3728 manifestat
556 3672 696 3743 apertius:
711 3671 875 3742 Coniunctus
891 3682 942 3737 est,
959 3671 1002 3727 in·
1050 3674 1139 3731 mosis
1151 3675 1161 3728 i
1175 3673 1312 3744 inquiunt.
1326 3671 1425 3730 Suavis
1433 3671 1514 3743 plane
1525 3679 1568 3728 est
1578 3672 1623 3726 illa
1637 3671 1758 3728 dulcedo
1768 3682 1845 3741 prae·'
1860 3668 1867 3686 '

212 3768 283 3837 quit,
300 3781 347 3821 seu
361 3763 488 3820 Salomon
503 3764 697 3836 spiritantem
718 3762 840 3836 AEgppti,
856 3773 884 3818 ει
898 3765 997 3833 occepit
1050 3764 1147 3818 sentiae
1164 3761 1282 3832 Spiritus
1295 3761 1394 3826 saneti,
1408 3776 1471 3832 qtrae
1485 3761 1569 3817 eorda
1585 3760 1704 3817 ildelium
1719 3761 1836 3833 quadarn

213 3855 300 3926 filiunt
314 3856 371 3925 ejus
390 3871 499 3909 uxorem
522 3853 777 3927 (lltep.1tr).lten
799 3855 921 3928 possedit
950 3857 1002 3913 Sa·
1052 3852 1183 3910 inelialsili
1207 3858 1342 3911 suavitate
1369 3852 1518 3925 perfundit.
1535 3851 1637 3909 Sentiri
1663 3861 1768 3926 potest,
1789 3853 1837 3910 sed

213 3948 305 4004 lernen
315 3947 374 4002 baec
387 3953 417 4001 et
429 3947 485 4008 illa.
502 3961 555 4001 non
570 3955 656 4001 toturn
672 3947 766 4003 orbern
781 3956 929 4004 terrarum.
952 3947 1001 4002 llic
1049 3945 1163 4001 minime
1176 3944 1381 4017 comprehendi.
1397 3944 1547 4002 liuleedine
1573 3959 1691 4015 namque
1706 3945 1788 4001 simul
1810 3952 1838 4002 et

214 4036 294 4101 mibi,
311 4053 415 4109 quase,
432 4036 495 4107 quis
509 4035 544 4092 sit
557 4037 610 4092 iste
626 4034 723 4102 Filius,
736 4052 817 4107 quern
831 4035 1001 4094 liorutnusse
1050 4036 1186 4092 suauitate
1202 4052 1231 4093 se
1246 4037 1384 4107 ingerens,
1400 4052 1460 4108 quar
1475 4036 1571 4095 barum
1591 4035 1726 4107 majorsit
1739 4036 1837 4100 altera.

215 4128 346 4201 genuisse
359 4136 487 4193 testatur,
504 4127 550 4199 utri
564 4128 717 4184 dominium
733 4129 818 4185 totius
838 4129 913 4186 orbis
937 4130 1001 4189 ade·
1050 4142 1112 4198 quse
1127 4126 1161 4181 ab
1175 4127 1327 4197 inspirante
1346 4126 1474 4191 donatur,
1491 4126 1526 4182 ab
1550 4125 1685 4196 inspirato
1701 4127 1837 4188 nescitur.

213 4230 278 4294 ptus
298 4223 361 4278 esti
375 4222 516 4292 Languere
540 4229 567 4275 te
581 4222 689 4286 simula,
705 4233 733 4278 et
753 4223 815 4278 ideo
835 4224 1002 4294 respondere
1051 4227 1201 4290 utrumqne
1215 4226 1306 4275 tarnen
1318 4217 1401 4274 simul
1416 4218 1513 4274 adesse
1532 4232 1614 4272 nemo
1629 4215 1676 4288 qui
1693 4216 1839 4288 sitesper·

212 4329 269 4369 nou
281 4329 371 4386 posse.
383 4313 442 4384 lpse
456 4321 508 4375 est.
524 4313 583 4385 ipse
599 4322 643 4369 εει
654 4312 688 4369 de
698 4329 751 4384 quo
765 4313 864 4369 iterum
880 4315 998 4376 dieitur:
1051 4320 1096 4368 tus
1112 4311 1231 4384 ignorat.
1246 4309 1325 4370 Unde
1340 4311 1404 4382 quia
1419 4310 1473 4366 boe
1490 4310 1525 4370 ab
1538 4309 1633 4366 electis
1643 4308 1839 4381 comprehendi

213 4405 247 4471 in
271 4405 452 4476 splendoribus
470 4417 623 4460 sanctorum
639 4415 759 4461 cautere
778 4418 838 4463 onte
860 4408 1000 4478 inciserunt
1050 4418 1105 4457 sion
1130 4410 1229 4474 potest,
1257 4402 1291 4458 de
1309 4402 1403 4471 gratiae
1432 4398 1618 4471 magnitudine
1647 4400 1699 4455 soll
1723 4393 1839 4455 liomln‘o

174 4501 178 4507 ’
212 4504 290 4581 penui
304 4513 329 4557 ts
342 4501 430 4572 (Psoi.
444 4501 510 4582 crs).
527 4502 605 4569 Quod
623 4503 661 4557 ibi
676 4501 865 4559 dictumbodie
877 4501 956 4572 genui
965 4510 999 4565 te,
1050 4496 1163 4565 gloriam
1190 4495 1371 4558 ascribesslest
1389 4493 1502 4549 dicuni:
1521 4489 1544 4547 0
1563 4507 1644 4562 <idam
1671 4491 1760 4546 *Μὴ
1777 4501 1836 4557 ²⁸⁸·

212 4594 266 4650 boc
277 4601 320 4651 est
332 4595 506 4657 eternaliter,
519 4595 565 4650 bic
579 4596 680 4650 dicitur
693 4605 754 4650 onte
776 4594 925 4665 luciferum.
947 4593 999 4648 boc
1050 4586 1172 4649 Densius,
1184 4585 1299 4655 Spiritus
1315 4594 1375 4641 tuus
1388 4586 1416 4642 in
1430 4583 1504 4641 nolis
1515 4581 1617 4641 illulta
1630 4590 1742 4654 possent
1756 4598 1839 4657 snper

212 4692 256 4742 est
280 4692 344 4739 ante
364 4685 454 4740 omnia
470 4686 642 4757 temporalia.
666 4685 703 4742 [le
727 4684 797 4740 Filio
818 4683 863 4739 [tei
889 4684 947 4739 lraec
973 4691 1000 4739 et
1015 4695 1037 4751 p
1052 4678 1104 4731 lroe
1120 4677 1175 4730 diei
1201 4677 1331 4745 capitolo,
1349 4675 1395 4730 sed
1409 4690 1464 4729 non
1478 4680 1521 4729 esi
1536 4681 1625 4728 lecum
1651 4673 1787 4744 agentium
1802 4675 1838 4732 tle

213 4775 266 4831 alis
277 4776 321 4832 bis
334 4776 433 4833 similia
445 4778 582 4833 demulsis
594 4777 798 4849 Scripturarunr
813 4777 882 4832 loeis
897 4775 1000 4845 tuipse
1052 4770 1188 4825 strauitate
1204 4783 1286 4840 quani
1302 4769 1423 4838 ignoras,
1439 4767 1473 4823 de
1491 4767 1577 4836 gratia
1593 4779 1676 4836 quant
1693 4779 1788 4838 negas,
1803 4766 1838 4822 ds

212 4877 310 4927 contre
338 4871 478 4941 pertidiam
504 4877 577 4924 tuan
603 4877 682 4938 potes
700 4884 850 4935 assumere,
869 4865 918 4921 tibi
933 4880 998 4923 eon·
1050 4861 1286 4932 dulcedinequaro
1301 4860 1351 4915 tibi
1365 4858 1577 4925 lanternarum,
1591 4856 1626 4914 de
1639 4857 1740 4929 pietate
1754 4873 1837 4928 quaro

212 4962 363 5034 solsequia
378 4963 448 5017 nrale
463 4977 546 5032 negas
569 4961 641 5031 quoti
658 4960 833 5024 solissolis,
859 4955 1006 5028 intelligis„
1049 4956 1099 5011 tibi
1126 4955 1194 5010 lacis
1214 4952 1357 5009 offensam.
1383 4951 1496 5018 Tamen,
1516 4951 1583 5006 selis
1606 4952 1695 5017 nolis.
1722 4949 1767 5007 lrie
1789 4948 1837 5006 bet

349 5051 466 5122 Spiritus
481 5053 567 5106 suncti
584 5051 709 5106 diuinitas
722 5050 861 5120 prodatur.
896 5036 898 5042 ’
1052 5047 1171 5119 Spiritus
1186 5046 1297 5112 dieitur,
1314 5055 1340 5102 et
1354 5054 1482 5115 operator
1494 5043 1626 5099 bonitatis
1638 5058 1670 5099 ac
1693 5042 1837 5099 suavitatis

247 5145 274 5200 7.
287 5143 326 5200 De
340 5143 442 5215 Spiritu
472 5152 568 5201 sarreto
588 5143 661 5214 quod
686 5142 744 5214 ipse
776 5158 840 5198 cum
863 5141 949 5198 Patre
968 5150 1002 5197 et·
1049 5138 1262 5195 insanctisesse
1277 5136 1417 5208 probatur.

210 5235 281 5292 Filio
297 5238 334 5291 sit
349 5252 420 5293 ontis
435 5243 544 5291 creator
559 5243 586 5290 et
601 5234 772 5297 conditor,in
788 5233 907 5289 oeeundo
918 5248 999 5289 uersu
1122 5227 1236 5297 Spiritus
1256 5226 1342 5282 suncti
1353 5225 1485 5296 processio
1501 5242 1518 5279 a
1539 5221 1621 5280 Patre
1640 5233 1666 5280 et
1681 5222 1764 5280 Filio.

211 5331 325 5386 dotetur
339 5345 400 5383 curn
416 5329 517 5384 dieitur
533 5344 540 5380 :
565 5327 599 5382 Et
614 5327 729 5395 Spiritus
743 5325 851 5379 Dnmini
865 5314 1008 5395 terebatur*
1084 5322 1111 5379 8.
1127 5321 1205 5389 Quod
1218 5329 1307 5403 autern
1323 5327 1350 5375 et
1362 5318 1421 5374 Filii
1435 5319 1470 5375 sit
1485 5317 1604 5390 Spiritus
1615 5318 1687 5374 sieut
1700 5315 1835 5378 etseras,

211 5436 290 5491 super
302 5439 386 5492 aquus
402 5421 477 5492 (Gen.
487 5421 519 5492 r).
533 5420 604 5488 Quid
619 5429 661 5476 est
674 5419 807 5490 ferebatur
820 5433 897 5488 super
904 5434 998 5490 aquas,
1048 5416 1185 5487 audiquid
1200 5415 1270 5470 idenr
1281 5413 1368 5470 Filios
1382 5413 1429 5495 qui
1444 5413 1579 5483 sapientia
1591 5409 1683 5465 Patris
1699 5416 1752 5473 est,
1763 5405 1837 5462 dieat
1956 5443 1961 5454 .

211 5515 267 5570 nisi
285 5514 358 5586 quod
373 5515 430 5584 ipsa
446 5514 536 5569 adbuc
547 5523 641 5569 tenera
657 5512 751 5566 mosidi
762 5510 910 5582 primordia
924 5510 999 5566 lose·
1049 5511 1077 5567 in
1093 5509 1265 5580 proverbiis:
1284 5506 1336 5575 En,
1353 5506 1453 5577 inquit,
1472 5505 1606 5576 proferam
1620 5502 1692 5559 solis
1707 5500 1836 5570 &intans

209 5605 296 5662 ltatet
313 5606 488 5662 risilicabat?
500 5606 552 5672 Qui
578 5606 601 5662 si
620 5605 784 5669 vivificator,
800 5612 999 5675 consequenter
1048 5619 1135 5656 ureurn
1160 5601 1252 5674 (Pron.
1269 5601 1301 5673 ι),
1322 5599 1544 5672 quandoquidem
1560 5614 1589 5654 se
1613 5596 1747 5668 promittit
1775 5608 1837 5651 esse

209 5704 238 5752 et
264 5695 393 5754 conditor
418 5704 445 5753 et
459 5696 541 5753 Deus.
558 5696 637 5763 Qttod
665 5695 796 5767 propheta
816 5702 932 5750 testatur
955 5694 998 5749 tii«
1047 5693 1176 5748 daturum
1190 5693 1261 5763 qttod
1275 5708 1353 5747 suurn
1369 5698 1421 5756 εει,
1438 5698 1464 5746 ει
1479 5691 1537 5761 ipse
1552 5687 1687 5759 sapientis
1709 5683 1757 5744 liei
1781 5690 1835 5750 est,
1898 5732 1905 5740 ..

210 5805 297 5847 cess:
314 5787 429 5858 Spiritus
440 5789 496 5859 ejus
511 5791 613 5843 ornauit
632 5788 710 5844 calos
730 5785 791 5861 (lod
805 5785 891 5859 xxvi).
907 5784 998 5842 Coelos
1048 5784 1172 5857 prolecto
1191 5784 1336 5855 utriusque
1356 5780 1475 5855 Spiritus
1495 5788 1547 5838 εει
1563 5779 1646 5836 Pater
1658 5793 1724 5854 ergo
1736 5770 1845 5852 pientii
1921 5774 1936 5823 *a

210 5882 407 5942 ornasseidem
423 5882 551 5955 estquod
563 5880 747 5939 lecissellam
762 5881 825 5953 quis
841 5878 906 5936 lecit
916 5894 998 5935 orna·
1048 5875 1121 5934 Deus
1138 5876 1165 5931 in
1176 5891 1226 5946 se;
1242 5873 1327 5931 Silium
1340 5871 1413 5932 licus
1427 5873 1525 5946 plenus
1536 5871 1564 5927 in
1575 5886 1605 5928 se
1618 5885 1627 5937 ι
1638 5867 1838 5944 Splsltosssts·

210 5980 306 6039 seua
320 5974 452 6035 coelorum
465 5974 518 6033 nisi
530 5972 622 6032 ileos?
640 5973 731 6042 Ferit,¹
742 5972 843 6049 inquit,
862 5970 933 6030 Deus
946 5971 998 6028 duo
1049 5975 1112 6026 ctos
1125 5967 1196 6026 Deus
1210 5968 1308 6042 plenus
1324 5967 1352 6024 in
1367 5980 1397 6025 se
1409 5983 1417 6037 ;
1431 5978 1485 6022 non
1500 5971 1591 6020 lamen
1612 5971 1679 6031 tres,
1694 5959 1750 6021 sed.
1763 5973 1843 6023 unus
