4350 6709
344 513 395 571 rao
963 512 1118 571 incursu
1137 511 1272 570 socom
1293 513 1348 569 au.
1371 472 1403 601 ’ἱ
1916 520 1969 577 ιιι

341 637 455 694 odsrtur
468 641 572 696 nomini
585 657 645 696 meo
658 641 759 698 oblatio
774 641 885 696 munda.
913 639 942 696 ln
958 643 1058 713 quibus
1070 657 1133 695 uer·
1146 645 1169 700 h
1182 648 1302 697 restrum
1314 648 1341 696 et
1353 639 1423 694 inter
1438 652 1484 694 vcs
1499 645 1551 702 est,
1576 654 1655 709 quem
1682 640 1819 709 prophetae
1836 641 1971 710 praedixe-

341 728 385 784 bis
392 729 499 785 Domini
509 733 674 787 voluntatem
685 749 711 788 et
731 735 902 805 acceptiones
915 734 1083 789 oblationum
1095 734 1130 788 ad
1182 741 1255 798 runt,
1272 750 1351 804 quem
1367 751 1416 791 vos
1431 751 1485 788 non
1499 734 1594 799 scitis;
1610 733 1674 803 quia
1688 748 1737 786 vos
1754 749 1809 787 non
1828 734 1971 804 recipietis

342 819 579 891 gerrtesaludaeis
590 823 734 894 transiisse
759 824 900 881 manifeste
922 825 1062 895 probatur.
1078 824 1129 880 Ubi
1181 839 1252 879 euru.
1282 824 1379 889 Mitto,
1403 825 1509 895 inquit,
1536 822 1658 895 anysium
1680 838 1764 877 meum
1789 833 1849 878 ante
1872 824 1970 894 [aciens

341 928 407 985 ergo
420 913 472 969 erit
489 929 602 986 regnum
616 924 643 971 et
655 917 848 982 sacerdotium,
864 919 936 989 quod
951 919 1011 983 tibi,
1025 917 1127 984 tudam,
1181 932 1276 971 meam.
1288 915 1392 982 Quibus
1403 917 1492 971 verbis
1503 931 1533 972 se
1544 915 1632 985 ipsum
1647 930 1694 984 per
1705 930 1734 969 se
1750 923 1972 973 venturumesse

341 1004 464 1061 furtorum
479 1023 540 1064 esse
551 1010 709 1080 promittis?
733 1007 763 1064 Si
777 1010 867 1080 aliqua
894 1011 959 1075 sint,
991 1011 1128 1068 contraria
1181 1006 1315 1076 designat,
1330 1007 1358 1061 iu
1370 1008 1421 1061 hoc
1437 1007 1510 1078 quod
1525 1008 1562 1063 alt
1578 1009 1664 1071 mitto,
1679 1021 1802 1078 personae
1826 1023 1884 1063 suae
1904 1023 1972 1078 pro·

340 1095 497 1166 Fecerunt,
511 1099 575 1169 quia
590 1115 678 1170 neque
693 1099 887 1171 voluntasejus
902 1100 931 1154 in
943 1101 1021 1157 robis
1035 1109 1087 1168 est,
1100 1109 1130 1155 ut
1181 1098 1320 1168 prietatem
1333 1107 1359 1154 et
1370 1101 1553 1170 operationem
1572 1101 1733 1168 insinuans;
1753 1100 1825 1172 quod
1842 1102 1972 1158 subintu-

340 1190 473 1261 regnetis,
484 1205 572 1260 neque
589 1206 689 1248 munus
701 1192 831 1261 suscipiet
855 1191 985 1248 demanu
1000 1201 1131 1248 'restraut
1180 1191 1282 1245 litante
1297 1191 1392 1260 taciem
1415 1208 1511 1258 aream,
1537 1194 1655 1263 apertius
1675 1192 1845 1264 praesentiam
1870 1191 1920 1248 Dei
1936 1194 1974 1248 ad

341 1283 523 1337 sacerdotium
536 1285 688 1340 celebretis.
700 1284 800 1351 Quanti
813 1284 884 1339 euim
897 1284 1051 1355 apudilltim
1063 1300 1130 1340 eon·
1180 1285 1305 1342 homines
1320 1287 1454 1342 venientis
1467 1286 1596 1343 ostendit.
1613 1285 1682 1352 eria
1704 1302 1766 1340 eum
1783 1285 1854 1339 idem
1870 1287 1908 1341 sit
1922 1287 1971 1357 qui

341 1379 413 1428 stem
425 1381 514 1430 vestra
524 1376 667 1441 solemnia,
678 1375 855 1446 consequenti
866 1392 944 1431 versu
957 1375 1129 1433 manifestius
1180 1375 1300 1446 loquitur
1314 1385 1341 1432 et
1358 1377 1404 1447 qui
1420 1379 1512 1442 mittit,
1527 1379 1585 1448 ipse
1599 1377 1670 1433 Deus
1696 1388 1722 1433 et
1737 1393 1793 1432 non
1808 1377 1879 1434 alius
1907 1394 1972 1434 esse

342 1465 439 1534 aperit.
464 1465 630 1537 Disperpam,
662 1466 761 1536 inquit,
788 1481 864 1532 saper
894 1465 994 1519 saritam
1016 1474 1129 1520 uestram
1179 1466 1405 1540 dignosciturqui
1424 1462 1855 1533 tenturusest,cumtlicitante
1873 1470 1971 1542 [misen

341 1567 441 1613 stercus
455 1558 651 1613 solemnitatem
666 1567 811 1612 aestrorum
824 1567 849 1611 et
860 1567 974 1611 assentiet
986 1573 1031 1611 nos
1042 1573 1129 1611 seeum
1180 1574 1265 1612 meam
1279 1577 1288 1614 .·
1307 1558 1338 1612 Et
1350 1560 1442 1613 statim
1458 1561 1539 1615 ueniet
1551 1558 1585 1614 ad
1595 1559 1812 1630 temptan'aaam
1842 1559 1973 1615 Domina·

341 1648 453 1720 (Maiae.
470 1649 519 1720 ιι).
536 1648 605 1715 Quid
626 1653 669 1702 est
690 1649 741 1701 hoc
756 1645 827 1715 quod
840 1652 961 1700 assumet
987 1644 1059 1699 aliud
1085 1658 1127 1699 se·
1180 1661 1230 1708 tor.
1247 1651 1299 1706 hut
1321 1651 1480 1725 haymenon
1502 1653 1629 1709 dominus
1642 1661 1669 1709 et
1691 1653 1846 1708 alentinatcr
1874 1661 1929 1716 est,
1943 1661 1973 1709 et

340 1742 424 1795 marri?
442 1739 553 1795 Stercus
565 1738 701 1803 sudeam,
718 1745 748 1792 ut
763 1737 860 1791 merito
871 1752 932 1792 eum
948 1744 1068 1792 stercore
1080 1751 1129 1806 pe-
1178 1743 1314 1801 sideberis
1327 1743 1397 1799 dttos
1407 1736 1473 1801 deos
1485 1760 1619 1809 asserere,
1630 1744 1770 1816 Scriptura
1786 1756 1971 1817 repugnante,

341 1838 399 1885 reat
412 1830 460 1900 qui
478 1829 617 1885 Christum
633 1828 801 1885 Stllttwteffl
812 1842 872 1882 0880
883 1833 974 1896 negat·
1178 1850 1239 1905 quae
1261 1838 1298 1891 ait
1315 1854 1320 1888 :
1340 1835 1467 1892 Duratium
1482 1837 1553 1892 Deos
1578 1846 1638 1891 taos
1651 1837 1721 1892 Deos
1737 1854 1803 1893 arans
1821 1847 1860 1892 est
1878 1837 1970 1902 (Dent.

352 1940 357 1950 ’
375 1922 420 1976 Η·
437 1921 500 1976 ¹¹ae⁰
513 1922 547 1976 de
565 1921 718 1990 abiffliffilt
732 1918 824 1989 D⁰D¹¹¹l
847 1917 1012 1973 iudeorum.
1027 1917 1065 1973 ⁰0
1079 1916 1129 1971 td·
1178 1926 1234 1998 rr),
1250 1936 1296 1983 aut
1311 1945 1360 2000 pro
1374 1928 1543 1985 dominatore
1555 1929 1600 2000 qui
1613 1929 1684 1986 Deus
1696 1937 1739 1985 est
1752 1930 1836 1984 alium
1851 1937 1972 2000 praesto·

340 2025 421 2071 ventu
438 2014 587 2071 Salvatoris
601 2014 787 2085 subsequitur,
805 2014 842 2068 ita
855 2012 949 2068 dicens
965 2028 973 2064 a
991 2010 1058 2066 Eece
1081 2027 1128 2083 epo
1144 1995 1164 2049 Β
1179 2019 1255 2083 laris,
1267 2020 1314 2090 qui
1326 2019 1384 2090 jam
1402 2021 1510 2076 venisse
1528 2022 1670 2091 probatur,
1686 2021 1749 2091 quia
1774 2038 1829 2076 noo
1843 2029 1900 2087 est,
1922 2038 1974 2077 ne·

340 2109 444 2162 mittam
457 2108 578 2179 anqetam
596 2123 681 2161 nreom
697 2106 742 2176 qai
757 2105 916 2174 preparabit
927 2105 995 2160 tiam
1011 2112 1072 2159 ante
1085 2105 1100 2174 i
1115 2135 1129 2147 ·
1178 2128 1231 2183 que
1243 2113 1296 2168 erit
1307 2112 1436 2182 templum
1451 2129 1505 2183 quo
1526 2113 1634 2170 loturus
1658 2113 1795 2179 adveniat,
1809 2122 1836 2170 et
1857 2113 1912 2169 hoc
1925 2129 1974 2169 re-

340 2202 406 2254 cient
414 2217 509 2262 meam,
522 2209 546 2254 et
557 2200 647 2253 statim
659 2196 781 2253 oenietad
791 2197 912 2267 templum
923 2205 1128 2251 sanctamauum
1179 2220 1239 2259 rqm
1254 2219 1315 2260 esse
1333 2206 1489 2277 probemus,
1506 2204 1617 2262 Daniele
1631 2205 1669 2260 ita
1684 2205 1790 2261 dicente
1806 2222 1813 2258 ς
1830 2204 1973 2261 cerepum

340 2295 499 2351 Dominator
510 2310 585 2366 qoem
608 2311 652 2349 aas
666 2294 795 2365 queritis,
809 2304 833 2347 et
845 2293 959 2364 dnqeltts
979 2293 1129 2348 testamenti
1177 2306 1202 2352 et
1213 2298 1394 2351 sanctuarium
1408 2296 1545 2366 dissipabit
1556 2297 1667 2368 populos
1682 2313 1740 2351 cum
1760 2297 1825 2352 duee
1848 2307 1971 2368 mutare,

340 2402 414 2458 mem
426 2403 470 2442 coa
485 2386 562 2441 cattia
575 2384 686 2457 (llatae.
704 2385 757 2456 m).
778 2384 904 2441 Edissere
918 2385 996 2439 nobis
1010 2384 1128 2454 parabo·
1178 2397 1203 2443 et
1216 2388 1278 2458 pinis
1289 2387 1345 2457 ejas
1358 2388 1468 2443 uastitas
1480 2387 1561 2461 (Dan.
1575 2388 1625 2459 rx).
1638 2388 1671 2444 Et
1684 2397 1843 2459 postpauca
1856 2404 1863 2440 :
1883 2387 1972 2460 Deque

340 2479 393 2533 lam
404 2477 486 2543 bane,
504 2485 535 2532 ut
553 2478 697 2533 audiamus
712 2477 776 2548 quid
789 2475 1006 2547 istasigullieent
1027 2491 1128 2532 seeum·
1179 2479 1213 2534 ad
1224 2481 1473 2535 consummationem
1491 2489 1516 2534 et
1537 2481 1615 2550 finem
1640 2481 1814 2550 perseverabit
1838 2480 1971 2535 desolatio

340 2569 404 2625 dum
426 2578 499 2625 tuam
518 2569 692 2626 sententiam.
710 2568 840 2640 Angelus,
866 2568 969 2638 inquis,
983 2582 1063 2638 quem
1075 2567 1130 2623 Do·
1179 2569 1279 2643 (ibid).
1292 2571 1319 2625 si
1331 2571 1460 2641 usquead
1477 2574 1737 2631 consummationem
1752 2580 1780 2629 et
1795 2575 1875 2628 tinem
1889 2573 1973 2630 deso·

340 2661 432 2717 minus
447 2675 477 2716 se
490 2660 639 2715 missarum
667 2658 812 2729 promittit,
832 2657 906 2714 Elias
926 2665 978 2722 est,
1000 2659 1046 2728 qui
1059 2672 1129 2728 prae-
1179 2660 1245 2715 latio
1270 2662 1364 2739 templi
1388 2672 1662 2732 perseveraturum,
1683 2674 1710 2720 et
1732 2665 1903 2736 impossibile
1928 2674 1972 2721 est

340 2755 420 2812 cedet
446 2753 613 2808 aonrrntians
625 2767 686 2822 quae
700 2751 792 2806 sutura
819 2758 894 2814 sunt,
920 2757 948 2806 et
966 2750 1128 2820 praeparabit
1179 2748 1273 2814 Deum,
1286 2753 1332 2820 qui
1345 2753 1484 2823 prophetis
1503 2753 1610 2810 locutus
1626 2761 1679 2820 est,
1700 2755 1729 2810 in
1743 2771 1804 2810 sua
1832 2757 1971 2812 sententia

340 2845 412 2900 riam
423 2855 485 2900 ante
499 2843 670 2915 haymenon,
681 2843 709 2897 id
724 2850 767 2898 est
780 2841 920 2896 Christum
933 2849 1068 2905 nostrum,
1080 2842 1127 2912 qui
1179 2841 1246 2908 salli,
1263 2844 1325 2913 quis
1339 2844 1391 2899 erit
1404 2844 1456 2901 iste
1476 2843 1644 2917 llaymenon,
1661 2846 1708 2917 qui
1723 2854 1820 2902 contra
1845 2847 1894 2902 Dei
1905 2864 1971 2919 pro·

341 2935 575 3006 statimposteum
586 2941 717 2990 venturus
728 2940 780 2989 est.
794 2931 943 3003 venietque
954 2932 987 2987 ad
997 2933 1127 3004 templum
1178 2936 1306 3006 positum,
1326 2943 1421 2991 contra
1439 2938 1631 3007 prophetarum
1646 2937 1745 3004 edicta,
1761 2938 1861 3010 poterit
1884 2939 1971 2996 aedili·

341 3044 422 3088 suum
440 3035 569 3097 tanquam
598 3023 766 3089 Dominator,
782 3025 888 3094 eritque
913 3026 992 3082 nobis
1016 3026 1127 3098 angelus
1178 3027 1440 3097 caretearplurnvel
1464 3028 1613 3093 ciuitatem,
1642 3043 1758 3099 quorum
1773 3029 1907 3085 desolatio
1921 3045 1971 3087 us·

340 3118 522 3182 testamenti,
545 3119 609 3190 quia
636 3118 722 3190 legem
750 3116 835 3189 lloysi
865 3120 1006 3175 renovabit
1028 3126 1055 3175 et
1083 3136 1128 3177 sa·
1178 3135 1231 3190 que
1252 3119 1286 3174 ad
1317 3120 1579 3175 consummationem
1604 3129 1632 3176 et
1657 3123 1737 3177 linem
1762 3124 1971 3193 perseverabili

340 3214 444 3270 crilleia
469 3212 600 3268 celebrari
622 3211 767 3275 instituet,
793 3210 945 3267 audivimus
966 3213 1126 3267 sententiam
1178 3212 1251 3283 quod
1272 3212 1336 3282 quia
1361 3211 1506 3267 ridiculum
1532 3221 1574 3267 est
1593 3222 1752 3284 exspectare
1775 3213 1817 3269 vel
1843 3214 1968 3280 credere,

342 3316 426 3362 tuam.
442 3303 521 3360 Nunc
535 3304 683 3361 auxiliante
696 3302 763 3369 Deo,
786 3302 1000 3375 respondeamus
1013 3305 1047 3359 ad
1070 3305 1162 3386 sin-c
1179 3319 1240 3358 cam
1264 3318 1319 3358 non
1333 3303 1435 3360 babeas
1460 3305 1649 3359 auctoritatem
1675 3304 1748 3360 unde
1774 3305 1866 3376 possis
1891 3313 1970 3360 tuam

340 3400 413 3473 grata.
1178 3397 1312 3452 ahlrmare
1327 3397 1501 3461 sententiam,
1527 3412 1643 3468 agnosce
1654 3397 1866 3461 Dominatorem,
1882 3398 1911 3453 id
1927 3403 1970 3454 est

347 3516 350 3526 ·
376 3493 421 3548 42.
433 3492 507 3549 Dicis
521 3490 730 3561 huucanpelum
746 3488 832 3545 Etiam
846 3505 917 3553 esse,
933 3489 979 3560 qui
994 3490 1129 3560 pracedua
1178 3491 1272 3554 ιιιιιιιι,
1289 3492 1345 3560 jam
1370 3492 1404 3545 ad
1428 3491 1558 3560 templum
1579 3505 1657 3547 strum
1672 3491 1789 3553 nouisse,
1814 3497 1853 3555 et,
1873 3499 1902 3545 ut
1917 3489 1970 3545 ho·

340 3583 509 3657 haymenon.
519 3583 569 3638 llic
580 3585 696 3654 primum
706 3583 830 3638 volumus
841 3582 912 3638 seire
923 3597 971 3654 per
985 3591 1021 3647 te,
1033 3590 1128 3637 utrum
1178 3583 1368 3648 discernitur,
1382 3582 1438 3652 jam
1463 3598 1525 3639 esse
1538 3590 1676 3638 transacta
1687 3598 1760 3653 ‚quea
1779 3581 1871 3637 lutura
1899 3597 1969 3638 con·

341 3677 393 3732 iste
408 3675 576 3747 haymenon,
596 3674 643 3745 qui
657 3681 788 3730 venturus
798 3682 851 3738 est,
864 3673 936 3731 Deus
946 3675 1008 3731 erit.
1024 3674 1129 3730 Secun-
1178 3676 1279 3731 tendis.

340 3768 376 3823 alo
390 3784 451 3840 quae
465 3774 546 3823 erunt
574 3767 646 3837 lepos
673 3773 720 3820 aut
746 3765 880 3821 sacrificia
903 3781 963 3836 quae
991 3766 1127 3831 instituet,
1214 3767 1258 3823 ιι.
1274 3766 1327 3823 Sed
1342 3766 1412 3823 dicis
1428 3787 1435 3822 :
1452 3765 1536 3833 litias,
1551 3766 1654 3838 dequo
1669 3766 1908 3838 iahocpropheta
1926 3765 1970 3821 di·

340 3876 402 3917 earm
416 3861 443 3915 in
459 3861 502 3916 his
516 3861 552 3915 sit
575 3857 701 3914 voluntas
713 3855 831 3922 Domini,
851 3865 882 3912 ut
894 3858 975 3927 paulo
1000 3855 1128 3928 superius
1179 3861 1251 3915 citur
1266 3879 1272 3914 :
1288 3859 1354 3914 Eece
1375 3877 1422 3931 eqo
1441 3861 1545 3914 mittam
1573 3861 1643 3914 acon
1673 3859 1763 3913 Etiam
1780 3857 1891 3919 (italae.
1918 3857 1968 3926 rs),

341 3958 458 4006 testatus
468 3957 519 4005 est.
535 3947 628 4004 Tertio
645 3947 710 4017 quid
724 3947 777 4002 erit
798 3947 928 4016 tempium
944 3947 978 4001 ad
991 3945 1064 4016 quod
1080 3961 1129 4002 re·
1178 3949 1300 4005 nondum
1326 3949 1455 4016 adreuit;
1481 3948 1626 4006 etidcirco
1646 3948 1810 4004 Christianis
1831 3948 1970 4005 assentire

340 4045 408 4106 niet,
420 4057 481 4096 cum
494 4041 623 4110 templum
638 4040 771 4109 usquead
793 4039 998 4094 tundamentum
1019 4038 1128 4094 destru-
1178 4039 1338 4106 differimus,
1358 4041 1421 4111 quia
1435 4040 1496 4110 ejus
1514 4048 1703 4110 exspectamus
1717 4040 1873 4096 aduentum.
1886 4038 1968 4096 Suill-

341 4141 415 4189 etum
428 4134 472 4196 sit,
482 4139 509 4187 et
523 4146 585 4185 curu
598 4132 656 4201 ipse
665 4132 701 4186 sit
712 4131 840 4200 templum
853 4131 1045 4192 restituturus,
1057 4144 1127 4201 quo·
1177 4131 1215 4186 cit
1228 4131 1292 4186 huic
1311 4132 1412 4188 rationi
1421 4134 1565 4203 responsio
1590 4132 1690 4189 brevis.
1715 4132 1827 4189 Diversa
1849 4135 1967 4192 diversis

342 4225 423 4281 modo
440 4223 474 4276 ad
489 4222 554 4276 illud
569 4222 661 4277 veniat
675 4229 820 4292 antequam
832 4220 898 4276 illud
915 4223 1050 4277 restituat.
1065 4220 1129 4275 Exi·
1177 4225 1372 4294 promittuntur
1386 4225 1454 4281 locis
1472 4232 1499 4280 et
1515 4226 1609 4281 erebra
1623 4225 1772 4280 mutatione
1786 4241 1968 4295 personarum

340 4324 386 4373 tas
402 4324 463 4371 acta
478 4316 586 4386 prohat,
610 4324 637 4370 et
656 4315 714 4384 ipsa
729 4313 769 4368 rei
796 4312 909 4367 veritate
923 4313 1045 4376 docetur,
1071 4328 1127 4369 non
1178 4311 1244 4383 quid
1254 4312 1362 4370 diverso
1369 4321 1521 4384 temporum
1529 4323 1602 4370 statu
1613 4317 1705 4371 reariat
1716 4315 1892 4386 propheticus
1908 4332 1967 4375 ser-

341 4411 463 4466 totorum
479 4424 541 4465 esse
555 4408 627 4478 quod
643 4407 829 4478 prophetatur,
845 4406 892 4462 ssd
904 4405 961 4476 jaro
976 4421 1036 4462 esse
1051 4420 1127 4461 com·
1176 4418 1221 4457 uro
1236 4402 1378 4460 describit.
1390 4402 1457 4459 Nam
1471 4419 1532 4461 cum
1547 4406 1722 4475 praemisisset
1733 4406 1861 4474 superius
1878 4423 1885 4458 ε
1900 4406 1967 4463 Ecce

340 4503 454 4572 pletum.
468 4499 556 4562 ilitio,
573 4499 671 4570 inquit,
693 4496 814 4568 anpetam
828 4512 913 4551 meam
930 4505 955 4550 et
966 4493 1127 4565 praeparabit
1176 4512 1222 4567 epa
1236 4499 1311 4551 mitto
1324 4498 1444 4568 carpetam
1460 4514 1543 4552 naearn
1553 4507 1579 4552 et
1593 4497 1750 4567 preparabit
1767 4499 1837 4551 aiam
1850 4507 1912 4555 ante
1922 4500 1967 4570 sa·

339 4597 409 4651 marn
424 4592 587 4663 antesaeiem
601 4608 695 4654 meam,
717 4605 771 4645 non
788 4588 856 4644 dixit
880 4594 943 4644 aute
957 4586 1125 4660 haymenon,
1177 4590 1242 4644 ciem
1253 4605 1348 4654 rneam,
1366 4603 1420 4659 quo
1432 4590 1629 4659 temporeillud
1643 4600 1701 4644 erat
1721 4591 1900 4661 implendum,
1917 4595 1968 4650 ad·

339 4688 382 4743 rel
396 4694 459 4743 aute
473 4686 591 4756 aliquem
602 4685 696 4748 aliurn,
712 4684 758 4740 sed
772 4692 834 4740 ante
847 4682 943 4739 laetam
958 4697 1055 4745 meam,
1073 4682 1126 4737 lrcc
1141 4667 1163 4722 Ῑ)
1175 4679 1266 4751 junxit
1276 4679 1370 4735 diceus
1382 4699 1390 4734 z
1403 4679 1500 4735 Statim
1513 4682 1594 4736 nenia
1604 4680 1637 4735 ad
1649 4682 1771 4751 tenrptant
1783 4700 1861 4738 saara
1872 4684 1967 4741 Domi·

343 4787 383 4835 est
405 4777 623 4847 antemeipsum,
650 4784 721 4830 aeut
733 4790 794 4830 mos
807 4773 1000 4846 prophetarum
1015 4778 1067 4835 est,
1083 4788 1128 4827 re·
1177 4781 1264 4828 nator.
1293 4769 1411 4828 Ostende
1432 4772 1499 4826 mihi
1519 4773 1649 4843 templum
1664 4773 1737 4844 quod
1762 4775 1966 4848 altaspasiaoo

343 4876 422 4940 pente
447 4882 563 4938 persona
588 4873 703 4929 mutata,
716 4865 750 4920 de
772 4879 802 4919 se
816 4872 943 4933 tanquam
960 4863 994 4918 de
1010 4863 1063 4916 alio
1084 4862 1127 4916 lo·
1177 4871 1204 4919 et
1222 4863 1284 4919 Tito
1306 4862 1475 4918 Destruetum
1490 4869 1542 4927 est,
1562 4873 1588 4918 et
1603 4879 1653 4934 ego
1681 4864 1820 4920 Christum
1835 4882 1892 4922 non
1918 4883 1966 4935 te·

342 4957 596 5030 quenssubJunpit:
614 4955 649 5010 Et
660 4956 751 5010 statim
765 4956 847 5009 caniet
867 4954 902 5009 od
913 4953 1036 5023 templum
1049 4968 1127 5006 snam
1177 4957 1251 5013 nisae
1266 4955 1381 5013 fatebor.
1402 4954 1431 5010 Si
1454 4956 1584 5026 ternplum
1600 4956 1627 5010 iu
1640 4955 1732 5012 ltrdaea
1755 4975 1811 5014 non
1837 4969 1891 5027 cst,
1913 4978 1966 5018 aee

341 5047 603 5119 Dominator5quod
631 5047 782 5102 inChristc
811 5047 974 5115 completum
997 5053 1050 5112 est,
1079 5043 1127 5114 qui
1177 5046 1377 5103 dominatorad
1392 5046 1458 5102 illud
1471 5055 1602 5103 venturus
1616 5056 1657 5103 est
1671 5047 1744 5119 quod
1757 5065 1811 5104 non
1823 5058 1876 5107 est.
1892 5051 1966 5125 Ergo

341 5142 548 5217 quadragesimo
561 5141 712 5196 nativitatis
725 5140 784 5210 ejus
794 5138 838 5195 die
852 5138 990 5207 intemplo
1004 5144 1046 5193 est
1058 5151 1127 5206 prae-
1174 5143 1233 5212 jam
1247 5142 1322 5197 venit
1336 5139 1400 5196 duro
1412 5143 1541 5211 templum
1560 5142 1587 5195 in
1601 5140 1693 5196 iodaea
1704 5142 1766 5199 luit.
1781 5142 1841 5198 Non
1851 5151 1895 5202 est
1910 5145 1965 5199 ita·

341 5244 474 5294 scutatus.
499 5234 549 5291 llic
579 5235 654 5290 misit
681 5232 806 5304 angelum
835 5246 915 5287 suum
939 5237 1001 5284 ante
1028 5227 1126 5283 taciem
1177 5248 1230 5303 qne
1255 5231 1375 5288 laturum
1406 5232 1520 5305 quodin
1546 5233 1597 5287 hac
1620 5233 1760 5303 prophetia
1783 5237 1895 5301 teritur,
1917 5237 1966 5294 sed

341 5343 431 5393 1111111,
445 5342 501 5382 11011
528 5327 635 5398 qualem
659 5323 816 5386 [lasseris.
842 5322 890 5398 sed
910 5322 1016 5393 qualem
1041 5318 1126 5376 isai-tt
1178 5330 1357 5390 transactum,
1377 5338 1427 5378 nec
1443 5324 1533 5393 aliqua
1548 5324 1585 5379 ibi
1609 5324 1637 5378 ιιι
1656 5327 1758 5381 mentio
1783 5326 1817 5382 dc
1844 5327 1966 5385 adveatu

341 5420 487 5492 praedixit:
506 5418 563 5475 Vos
577 5417 717 5472 clamantis
740 5415 768 5469 in
780 5414 881 5469 deserto
896 5432 905 5469 .·
931 5412 1031 5467 Parate
1057 5413 1126 5466 aiam
1177 5410 1252 5478 Eliae,
1265 5413 1312 5469 ubi
1326 5413 1430 5484 primus
1445 5411 1577 5469 adrentus
1593 5412 1699 5468 Dontim
1712 5415 1904 5486 prophetatur,
1916 5420 1965 5475 sed

341 5512 456 5569 Domina
470 5511 538 5586 (laa.
554 5510 610 5582 ιι),
630 5524 710 5581 quem
727 5508 843 5562 dicimus
857 5521 919 5562 esse
932 5504 1063 5561 ioannem
1075 5502 1127 5556 Ba·
1177 5505 1363 5560 tantummodo
1378 5503 1451 5559 illius
1475 5503 1508 5560 de
1523 5520 1577 5574 quo
1589 5502 1674 5561 isaias
1686 5505 1724 5559 ait
1740 5522 1747 5556 :
1769 5505 1825 5561 l'oe
1843 5508 1966 5565 claman-

341 5608 464 5679 ptistam,
483 5605 530 5675 qni
546 5597 1006 5674 angelrrscietusestpropterrita
1018 5596 1127 5651 mundi·
1177 5596 1211 5648 tis
1225 5594 1252 5646 in
1264 5591 1365 5647 deserto
1380 5591 1447 5664 (lea.
1463 5592 1519 5664 xa).
1544 5590 1644 5648 Probat
1656 5593 1708 5649 hoe
1722 5595 1760 5651 ita
1769 5610 1831 5652 esse
1855 5604 1965 5671 tempus

332 5698 407 5753 tiam
420 5705 447 5752 et
458 5697 624 5768 praeconium
635 5693 741 5748 Darniai
752 5690 896 5747 venientis.
913 5687 962 5744 llic
973 5688 1044 5742 riam
1057 5702 1127 5757 prae·
1177 5695 1203 5741 et
1213 5685 1302 5749 locus,
1316 5699 1398 5741 casus
1413 5686 1485 5740 etrei
1499 5684 1600 5749 exitus,
1613 5692 1640 5739 et
1656 5685 1728 5756 quod
1740 5686 1785 5743 his
1794 5688 1900 5747 certius
1910 5699 1964 5757 est,

334 5791 446 5861 pararit
477 5796 541 5845 aute
564 5788 660 5845 taciem
689 5789 760 5857 ejus,
790 5793 947 5857 praesetrtem
978 5797 1040 5838 eum
1065 5797 1127 5838 esse
1177 5777 1328 5834 audituset
1342 5776 1500 5844 risusQuo
1523 5784 1644 5848 tempore
1658 5792 1723 5834 vera
1746 5778 1821 5835 Elias
1836 5779 1966 5838 adveniat

333 5883 554 5952 maundaria,
584 5882 621 5934 ita
645 5876 882 5937 diceaszliedias
907 5876 1124 5936 castrametatis,
1178 5870 1369 5926 ultimoversu
1390 5870 1555 5933 declaratur,
1575 5870 1756 5926 cumdicitur
1775 5869 1909 5927 :Mittam
1922 5889 1966 5929 ao·

338 5989 468 6039 maes
480 5990 532 6031 nott
544 5974 616 6029 scitis
628 5969 717 6040 iicon.
730 5969 762 6042 t).
776 5969 815 6027 he
828 5967 852 6027 si
867 5967 979 6034 diceret,
995 5966 1023 6021 ia
1037 5964 1125 6022 taedia
1179 5963 1216 6020 hir
1228 5961 1314 6019 Etiam
1326 5971 1463 6035 artthnam
1473 5964 1557 6019 tertiat
1568 5962 1622 6020 dies
1632 5962 1737 6018 Domini
1747 5974 1892 6031 manasset
1902 5971 1968 6041 trar-t
