4350 6709
290 563 344 620 stra
646 558 745 639 tinuit
766 558 813 613 DE
833 555 1062 617 POENll'Ellle
1082 559 1127 616 ΕΤ
1148 556 1428 616 remurmurans
1447 560 1561 617 truttc.
1866 569 1920 628 870

309 682 375 739 Cer.
395 679 426 734 il.
443 678 569 749 Conclusio
580 670 789 732 dournoudorum
804 676 846 730 bic
864 675 1063 760 inquinandam
1095 682 1179 743 stur
1193 697 1199 731 :
1212 676 1235 732 si
1260 677 1337 732 socio
1351 678 1394 733 rel
1422 677 1548 748 proximo
1569 693 1620 733 suo
1645 680 1726 737 etiam
1753 682 1823 740 laico
1840 686 1921 743 liceat

397 751 499 821 bistili·
513 759 537 805 θ’
551 752 577 803 il
592 749 683 819 imm
699 748 937 833 “immmmist
1132 771 1300 834 conliteri,si
1314 771 1385 826 torte
1396 770 1524 827 sacerdos
1539 770 1626 833 deest,
1636 788 1687 828 nee
1702 775 1795 832 baberi
1813 781 1923 849 potest?

327 865 374 922 Est
388 871 416 919 et
431 862 558 918 corrlusio
587 860 817 924 damnandorum,
836 874 897 931 qnae
919 857 947 914 in
964 858 1079 928 quibus·
1132 863 1294 934 Quicunque
1320 865 1348 919 in
1374 864 1538 920 necessitate
1576 866 1745 921 sacerdotem
1774 872 1919 938 quaesitum

290 959 353 1013 darn
368 957 413 1011 bic
435 954 531 1025 incipit
545 962 573 1010 et
586 955 614 1008 iu
630 953 722 1010 luturo
734 957 924 1009 consummata
938 964 1082 1021 permane·
1130 955 1232 1011 habere
1254 972 1309 1011 non
1326 964 1426 1026 potest,
1452 957 1527 1012 socio
1542 956 1582 1011 rel
1599 963 1724 1026 proximo
1736 975 1786 1014 suo
1797 962 1922 1017 corrbtori

290 1051 340 1105 bit.
353 1050 385 1105 Et
399 1049 444 1104 ubi
456 1048 633 1117 estlinquis,
646 1044 719 1117 quod
734 1046 836 1099 dieitur
851 1062 857 1099 :
874 1041 935 1096 Non
946 1039 1079 1111 iudicabit
1132 1047 1207 1112 lieet,
1232 1047 1314 1102 etiem
1341 1049 1364 1102 si
1390 1047 1492 1118 ligandi
1513 1055 1540 1102 et
1557 1048 1678 1104 solvendi
1694 1057 1854 1119 potestatem
1866 1068 1922 1109 uon

290 1142 360 1198 Deus
376 1142 415 1198 tie
438 1141 466 1195 io
477 1140 592 1210 idipsum
603 1138 630 1210 (Ι
645 1137 707 1195 Gor.
721 1139 771 1208 si),
783 1137 806 1192 si
824 1136 934 1208 quidam
949 1142 976 1190 et
995 1134 1039 1189 iric
1052 1139 1080 1189 et
1130 1139 1240 1196 babeat.
1260 1139 1449 1209 Augustinus:
1468 1124 1614 1195 'inntaest
1630 1144 1667 1198 uic
1683 1143 1867 1213 consessionis,
1890 1156 1920 1200 nt

290 1235 327 1289 ibi
345 1233 517 1305 puniuntur?
530 1231 635 1287 Dictum
660 1237 702 1286 est
724 1230 775 1284 iroe
789 1230 824 1284 de
836 1229 890 1292 bis,
908 1227 953 1298 qui
969 1234 1094 1296 peccata-
1130 1234 1154 1286 ss·
1177 1234 1248 1292 deest
1268 1233 1401 1298 sacerdos,
1424 1235 1581 1304 confitentur
1600 1240 1730 1307 proeirrro.
1757 1239 1831 1308 Saepe
1850 1243 1922 1297 euim

289 1343 339 1383 sua
354 1334 450 1397 sponte
461 1326 489 1381 in
506 1341 535 1381 se
548 1325 676 1395 puniunt,
690 1325 718 1378 in
735 1323 837 1394 quibus
853 1322 929 1376 lorus
951 1334 965 1374 s
982 1317 1080 1372 rundae
1130 1324 1268 1392 contingit,
1279 1322 1348 1393 qued
1358 1326 1482 1393 poerrs'tens
1494 1343 1544 1379 non
1555 1329 1638 1394 possit
1651 1329 1820 1385 verecundari
1830 1348 1921 1388 coram

288 1421 417 1476 vindictae
431 1419 486 1475 beo
496 1436 550 1475 uon
563 1428 605 1475 est
615 1418 694 1488 justa
710 1416 737 1472 id
756 1414 878 1487 Apostoli
899 1411 953 1467 :Si
964 1417 1080 1465 nosmet·
1129 1415 1274 1480 sacerdote,
1291 1432 1366 1486 qucnt
1390 1416 1558 1470 desiderandi
1582 1435 1627 1472 uec
1655 1430 1756 1488 tempus
1780 1437 1826 1476 nec
1847 1401 1920 1479 locas

288 1511 358 1580 ipsos
377 1510 572 1581 judicaremus,
587 1526 639 1562 non
666 1509 755 1578 utique
766 1504 977 1575 dijudicaremur
993 1517 1009 1554 a
1025 1499 1080 1552 Dr·
1130 1508 1218 1576 offert,
1236 1517 1260 1561 et
1282 1508 1305 1560 st'
1328 1508 1373 1562 itte
1390 1510 1433 1562 cui
1447 1511 1615 1580 confitebitur
1635 1522 1789 1580 patestatem
1803 1514 1921 1572 cernendi

288 1603 371 1660 mino.
388 1602 440 1670 Qui
463 1604 530 1658 'vero
551 1601 680 1658 obstinati
708 1601 736 1654 in
761 1597 880 1669 peccatis
906 1598 1077 1666 permanent,
1129 1615 1181 1653 non
1201 1598 1306 1665 babeat,
1322 1601 1357 1654 sit
1385 1612 1473 1656 tamen
1496 1602 1590 1672 diguus
1615 1605 1688 1659 rento
1709 1622 1741 1659 ea
1770 1608 1919 1665 sacerdotis

287 1710 383 1750 eorum
398 1691 509 1764 quidam
520 1702 547 1748 et
562 1692 644 1746 hicet
658 1690 695 1747 ibi
711 1688 870 1761 puniuntur,
884 1697 913 1740 ut
927 1684 1079 1740 Antiochus
1129 1689 1271 1755 desiderio,
1286 1693 1331 1760 qui
1342 1693 1442 1748 crimen
1454 1696 1594 1766 confitetur
1607 1699 1689 1752 aceio.
1702 1697 1826 1754 Murtduti
1850 1704 1921 1757 enim

287 1793 315 1840 et
333 1783 464 1849 llerodes,
488 1784 535 1854 qui
549 1782 714 1839 arernribus
728 1777 883 1848 consumpti
904 1793 965 1834 cum
981 1790 1078 1847 magno
1128 1793 1190 1838 sunt
1201 1784 1307 1852 berosi,
1320 1785 1383 1839 darn
1395 1788 1462 1841 irent
1475 1789 1609 1844 ostendere
1620 1808 1668 1846 ora
1683 1791 1721 1846 rei
1735 1809 1762 1847 se
1777 1794 1917 1850 sacerdoti·

290 1885 426 1932 lortttenio
441 1877 522 1930 vllam
538 1882 698 1946 praesettlem
716 1872 863 1935 finierunt,
879 1868 943 1925 illuc
962 1883 1078 1939 beldin·
1129 1874 1188 1941 bus,
1200 1887 1340 1948 antequam
1357 1878 1391 1932 ad
1406 1896 1450 1933 eos
1467 1884 1639 1949 peruenirent.
1653 1883 1731 1940 Unde
1745 1893 1820 1955 patet
1835 1886 1919 1944 Deum

289 1975 341 2032 tes,
361 1968 406 2023 oui
426 1968 526 2023 rorrrris
545 1982 639 2022 eororrr
663 1981 719 2022 rrorr
743 1965 871 2027 moritur,
883 1969 910 2018 et
934 1961 1006 2034 imis
1021 1975 1076 2015 rron
1127 1970 1163 2024 art
1187 1985 1237 2025 eor
1258 1971 1414 2041 respicere,
1428 1972 1492 2026 urim
1514 1989 1547 2028 er
1564 1977 1725 2032 rreeessitete
1739 1978 1920 2049 propinentur

287 2064 475 2132 exstinguetur
500 2059 570 2132 (isa.
586 2058 671 2128 usar).
692 2056 749 2113 Nec
773 2064 815 2112 est
831 2054 931 2126 duplex
944 2055 992 2109 sed
1020 2068 1073 2106 uua
1091 2036 1112 2091 Β
1127 2061 1161 2116 ad
1178 2062 1496 2131 eaoerrtotesperveniffi,

286 2156 416 2223 riuilicta,
437 2154 482 2208 hic
503 2152 612 2223 ‘ibidem
631 2160 732 2222 coepta,
748 2149 784 2205 ibi
795 2163 860 2204 lew
876 2146 1036 2203 willibalt
1048 2151 1076 2198 θῑ
1160 2153 1231 2209 Νιιιιι
1245 2154 1337 2225 igitur,
1350 2156 1401 2218 ais,
1415 2165 1457 2212 est
1467 2156 1636 2228 dispensatio
1648 2161 1739 2231 aliqua
1750 2163 1919 2221 admittenda

284 2257 397 2305 aterna.
413 2254 440 2301 et
452 2246 492 2300 sic
503 2253 546 2301 est
558 2260 614 2298 trita
633 2243 662 2296 in
683 2242 737 2297 ittrs
749 2240 881 2296 vinidicta.

320 2340 426 2406 Quaeris
450 2339 520 2393 torte
545 2353 596 2391 cur
620 2338 648 2392 in
664 2335 800 2406 aliquibus
811 2349 888 2404 aeque
911 2328 1075 2386 damnandis

278 2432 384 2487 similis
400 2432 468 2485 ultio
479 2446 533 2486 non
546 2439 684 2501 appareat,
692 2428 718 2482 id
731 2436 773 2482 est
785 2427 828 2481 bie
844 2434 872 2481 et
882 2425 929 2479 ibi.
942 2423 1075 2478 Videlicet

285 2524 349 2580 nesi
362 2524 388 2577 iu
399 2523 526 2578 omnibus
534 2519 780 2593 ptenamdillerret,
789 2524 836 2572 aut
846 2523 958 2588 peccata
969 2515 1075 2570 ueseire

278 2625 331 2670 aut
341 2626 519 2672 contemnere
529 2623 680 2686 putaretur.
692 2613 757 2681 Quae
770 2620 861 2666 autem
877 2610 963 2681 magis
978 2609 1006 2662 in
1021 2608 1075 2662 isto

275 2726 364 2779 *squam
380 2710 408 2764 in
421 2710 470 2763 illo
486 2709 616 2765 ultionem
634 2707 806 2762 tiraniiestam
828 2705 1006 2778 praeveniant,
1022 2718 1074 2774 ego

281 2818 344 2858 eum
360 2798 499 2871 Apostolo'
510 2801 634 2855 exclamo
652 2818 658 2853 :
675 2797 697 2853 0
716 2797 831 2852 altitudo
850 2798 1004 2852 diuitiarum
1028 2812 1074 2850 sn-

277 2892 387 2960 pientia
398 2901 422 2945 et
437 2891 553 2946 scientiae
563 2887 622 2954 Dei,
632 2904 710 2959 quarn
722 2885 1005 2957 irtcompreitenst'ltilia,
1017 2891 1071 2939 etc.

234 2992 236 2996 ·
284 2981 371 3054 (Ram.
384 2985 435 3054 rr.)

319 3073 421 3128 llarum
446 3074 528 3144 igitur
549 3073 741 3128 contrisionum
770 3071 857 3144 prinra
878 3070 1013 3134 lrumiliat,
1029 3086 1073 3127 se·

281 3165 371 3220 cunda
395 3172 503 3235 purgat,
525 3164 606 3218 tertia
630 3164 761 3232 uarrrrrst;
787 3166 872 3235 prima
899 3173 941 3221 est
965 3165 1069 3233 sunus,

276 3257 402 3312 secunda
414 3256 514 3327 gratis,
531 3255 610 3310 tertia
624 3256 772 3312 horribilis.
782 3255 874 3311 Prima
885 3265 926 3312 est
936 3257 1070 3322 devotior,

280 3351 402 3405 secunda
427 3348 570 3414 securior,
592 3349 672 3403 tertia
696 3348 887 3405 damnabilior.
916 3349 1006 3405 Prima
1029 3361 1071 3408 est
1084 3380 1107 3441 c

279 3442 479 3513 amplectenda,
507 3440 627 3496 secunda
652 3441 803 3505 toleranda,
832 3443 911 3496 tertia
932 3441 1069 3514 largienda.

276 3532 322 3588 'lu
344 3536 436 3605 igitur,
453 3534 534 3589 bomo
559 3532 617 3600 bei,
633 3534 699 3604 quid
721 3534 748 3588 in
775 3535 817 3590 bis
842 3534 891 3589 tibi
912 3537 1069 3602 tenendum,

279 3629 380 3700 quidve
398 3628 555 3699 fugiendum
575 3628 622 3689 sit,
644 3628 793 3698 prudenter
811 3628 947 3686 discerne.
963 3628 991 3685 Si
1004 3647 1070 3687 reru

281 3716 432 3788 prudentiae
447 3725 500 3771 tuae
511 3717 589 3771 inniti
603 3717 745 3784 lortrridas,
761 3719 900 3775 committe
912 3728 938 3776 te
953 3723 1072 3777 clemen.

280 3807 389 3863 tissime
415 3817 443 3861 et
468 3807 735 3878 omnipotentissimo
759 3807 884 3866 Domino.
911 3809 971 3882 lpse
996 3813 1069 3870 dubit

1125 2260 1158 2300 es
1176 2246 1237 2308 lmc,
1250 2247 1322 2315 quod
1334 2247 1482 2316 prohibeor
1497 2250 1564 2303 nulli
1575 2251 1700 2307 corriteri
1715 2255 1770 2309 uisi
1787 2256 1919 2327 magistro

1126 2337 1273 2400 sacerdoti,
1292 2339 1335 2392 eui
1352 2354 1394 2394 me
1417 2339 1572 2395 obedientia
1595 2343 1723 2414 obligavi,
1740 2346 1811 2402 siem
1827 2356 1870 2403 est
1886 2348 1915 2404 in

1125 2429 1188 2493 lruc,
1200 2429 1224 2483 si
1239 2430 1369 2486 sacerdos
1389 2432 1521 2500 quaesitus
1538 2433 1633 2489 baberi
1649 2451 1703 2490 non
1718 2445 1818 2506 potest,
1841 2440 1917 2495 socio

1125 2528 1217 2572 tamen
1232 2518 1274 2572 vel
1301 2519 1426 2588 proriruo
1444 2521 1506 2591 quis
1521 2523 1645 2580 confiteri
1666 2527 1770 2596 potestl
1787 2525 1917 2588 indoctus

1125 2610 1249 2665 estenirn
1264 2619 1291 2665 et
1307 2609 1472 2668 indiscretus
1483 2614 1610 2684 magister
1626 2618 1810 2680 meus,uescit
1820 2635 1917 2692 quarn·

1128 2703 1194 2758 libet
1208 2703 1327 2773 culpam,
1344 2711 1373 2757 ut
1394 2713 1448 2768 est,
1465 2705 1546 2777 digne
1562 2722 1700 2776 pensare:
1720 2711 1810 2766 minor
1820 2721 1863 2767 est
1887 2714 1916 2770 iu

1125 2795 1287 2865 majoribus,
1308 2795 1397 2865 major
1422 2806 1464 2853 est
1481 2798 1509 2853 iu
1524 2800 1687 2865 minoribus,
1703 2804 1791 2859 nescit
1806 2803 1916 2876 dignam

1125 2892 1313 2960 poetritcutiam
1325 2893 1478 2964 injungere,
1495 2910 1550 2949 uon
1564 2903 1653 2965 potest
1665 2912 1730 2969 ergo
1747 2899 1916 2957 tancredae

1124 2985 1288 3040 necessitate
1303 3001 1353 3055 ego
1369 2985 1438 3041 torte
1453 2987 1637 3059 constringor.

1160 3074 1199 3129 ild
1213 3076 1266 3132 boc
1287 3079 1439 3148 respondeo
1459 3079 1548 3148 primo
1566 3099 1572 3135 :
1594 3079 1699 3152 imputa
1713 3083 1833 3152 peccatis
1847 3085 1914 3151 tuis,

1124 3168 1198 3238 quod
1222 3169 1301 3224 talem
1323 3171 1483 3241 magistrum
1502 3172 1602 3228 babere
1616 3177 1750 3232 ineruisti.
1768 3175 1916 3234 Verumta-

1125 3278 1185 3318 men
1211 3263 1284 3333 quod
1305 3264 1350 3318 ille
1372 3265 1462 3320 rninus
1477 3265 1551 3321 cirea
1565 3274 1592 3321 te
1611 3267 1687 3331 lacit,
1704 3279 1732 3323 tu
1748 3272 1921 3329 contritione

1124 3352 1255 3408 cordiset
1280 3356 1376 3425 maiori
1392 3355 1537 3411 devotione
1562 3358 1759 3416 satisfactionis
1783 3363 1911 3435 adimple.
1973 3399 1976 3403 ν

1123 3442 1245 3515 benique
1270 3446 1293 3500 si
1317 3446 1446 3502 omnibus
1464 3447 1507 3503 bis
1523 3451 1722 3519 questionibus
1747 3455 1868 3511 eximere
1885 3463 1913 3510 te

1122 3535 1175 3598 ris,
1192 3537 1264 3605 quod
1288 3537 1361 3600 dico,
1389 3537 1441 3593 tac.
1456 3538 1550 3595 Pritno
1565 3542 1695 3598 coulltere
1717 3545 1828 3614 pretato
1852 3553 1910 3609 tuo,

1122 3627 1167 3682 cui
1178 3637 1204 3683 te
1214 3628 1369 3683 obedientia
1384 3628 1521 3699 obligasti,
1534 3633 1777 3689 taureisiinduetns
1789 3633 1912 3691 etindis-

1121 3729 1213 3775 cretus
1232 3719 1277 3775 sit.
1304 3719 1405 3775 Deinde
1425 3721 1539 3776 liberum
1557 3724 1606 3777 tibi
1619 3724 1671 3779 erit
1688 3725 1781 3780 eadem
1799 3735 1911 3796 peccata

1122 3813 1169 3860 tua
1192 3814 1219 3860 ct
1240 3807 1301 3863 aliis
1327 3807 1515 3865 sacerdotibus
1531 3810 1673 3878 conliteri;
1699 3812 1774 3879 quia,
1790 3821 1820 3866 ut
1844 3814 1911 3869 dicit

276 3901 328 3956 riti
341 3903 501 3957 irrreitecturrr
516 3901 560 3973 (tl
575 3902 643 3959 Tim.
660 3903 703 3972 u),
714 3910 741 3958 et
757 3924 763 3958 ι
782 3902 842 3972 lpse
855 3914 880 3959 te
902 3907 1025 3970 enutriet,
1044 3918 1069 3962 et
1120 3897 1302 3968 Augustinus,
1322 3898 1495 3970 Quantoquis
1506 3900 1626 3971 pluritas
1641 3902 1808 3971 eorrtiteirirur
1821 3921 1911 3960 tacer-

279 4013 332 4049 non
355 3995 428 4050 dabit
457 3996 484 4049 in
508 4005 636 4050 aternum
660 3996 860 4065 fluctuationem
879 3996 956 4066 justo
981 3997 1068 4069 (Psoi.
1119 3989 1224 4045 datibus
1248 3991 1276 4045 t'rt
1298 4007 1342 4060 spe
1370 3992 1450 4046 nenioe
1470 3993 1658 4061 turpitudinem
1686 3994 1817 4058 criminis,
1834 4005 1909 4051 tassio

276 4090 345 4156 ιιι).
1119 4083 1225 4152 [acilius
1247 4093 1417 4155 consequetur
1434 4084 1550 4154 qratiam
1568 4085 1821 4157 remissionit.1psi
1840 4088 1909 4142 cuim

277 4206 343 4263 tar.
368 4205 412 4262 vt.
439 4207 607 4263 Consuetudo
629 4215 743 4263 retunt
767 4203 954 4260 monachorum
975 4205 1068 4276 qttibus
1099 4175 1266 4230 '‘acerd⁰¹⁶⁸
1282 4175 1747 4248 'umam¹¹⁰⁸⁸¹²⁸¹¹p¹⁰fi⁶³ferp¹¹⁸⁸
1760 4181 1910 4252 ⁶⁰⁸¹fi¹²m¹²

314 4276 364 4331 soli
376 4276 465 4330 abbati
479 4289 555 4332 entra
576 4296 667 4333 casum
686 4291 810 4333 extremm
829 4278 992 4333 necessitatis
1009 4293 1069 4347 pec·
1120 4266 1167 4322 ⁶¹⁸⁸
1180 4283 1296 4337 imm·

314 4355 375 4401 cata
390 4363 439 4400 sua
454 4351 573 4417 confiteri
586 4349 693 4405 licebat.
1153 4358 1210 4416 lloc
1225 4375 1291 4415 reto
1315 4376 1487 4432 summopere
1507 4376 1584 4427 care,
1607 4377 1641 4417 ne
1655 4371 1767 4433 propter
1783 4373 1908 4420 contem·

313 4455 343 4512 Si
359 4458 444 4514 libera
465 4461 501 4515 sit
523 4462 660 4518 confessio
670 4462 782 4534 ψηφὶς,
800 4463 826 4518 id
845 4470 898 4528 est,
919 4462 941 4519 gi
960 4462 1010 4518 tihi
1025 4461 1069 4517 vel
1118 4459 1194 4522 pium
1220 4452 1262 4507 tel
1286 4452 1377 4506 odium
1391 4454 1431 4506 tui
1447 4453 1569 4522 maglsll'l
1586 4453 1654 4508 alios
1669 4456 1843 4512 confessores
1856 4456 1906 4511 [lli

276 4550 391 4606 cuilibet
404 4551 509 4606 licitum
523 4552 568 4614 sit,
582 4553 626 4607 cui
639 4554 700 4608 velit
711 4553 845 4618 conliteri,
860 4554 972 4625 quaeris.
988 4552 1067 4620 Quod
1118 4558 1236 4613 (lumb
1264 4543 1318 4598 ”3⁸5
1344 4553 1454 4614 imile?
1479 4545 1661 4614 iti¹¹0¹l¹¹¹¹ii¹¹¹
1691 4547 1760 4616 01⁰⁸·
1779 4545 1907 4616 Plaeillfll

276 4659 333 4699 non
355 4643 445 4705 liceat,
475 4642 502 4697 in
531 4645 775 4702 consuetudinibus
799 4646 905 4702 ordinis
920 4646 1007 4702 nostri
1031 4663 1065 4702 ex
1116 4635 1189 4691 enlm
1220 4633 1347 4691 Urbium
1383 4635 1542 4691 secundus:
1570 4635 1604 4691 Ul
1627 4637 1717 4692 nutius
1740 4638 1905 4692 sacerdotum

273 4747 412 4808 precepto
432 4735 574 4802 babemus,
601 4734 674 4806 quod
704 4738 770 4792 nulli
793 4753 844 4793 nec
867 4738 950 4809 priori
978 4738 1065 4810 ipsius
1080 4739 1103 4794 [ι
1116 4727 1256 4801 quenlibet
1269 4729 1437 4782 comrrrt'ssuru
1445 4728 1523 4782 alteri
1533 4728 1666 4784 sacerdoti
1678 4729 1713 4783 ad
1726 4731 1904 4797 poenitientiam

273 4830 388 4886 claustri
400 4829 434 4884 de
448 4827 637 4884 criminalibus
646 4829 701 4884 ttisi
711 4829 823 4885 absente
834 4830 931 4886 abbate
941 4831 983 4886 rel
997 4845 1065 4902 prte-
1117 4818 1244 4887 wrcr‘t’t‘ssl
1266 4818 1323 4873 ‘itte
1340 4821 1398 4887 ‘itt‘
1415 4834 1553 4882 connum,
1568 4819 1612 4872 αἱ
1625 4821 1737 4888 seprius
1760 4820 1903 4884 commitit,

275 4924 341 4985 lato,
357 4929 384 4976 et
400 4922 451 4977 hoc
463 4922 489 4977 in
500 4922 628 4978 extremis
639 4920 710 4987 suis,
727 4922 826 4978 audeat
836 4923 971 4978 conliteri.
986 4924 1021 4976 itt
1035 4929 1065 4978 tu
1116 4911 1466 4982 uisipropterignorauttam
1477 4911 1696 4982 illitredecim
1707 4912 1842 4982 contestat
1853 4924 1904 4974 est.

274 5013 540 5087 privilegia,iuquis,
550 5013 719 5085 singulorum
731 5028 904 5069 communem
914 5014 1064 5086 legemnou
1116 5003 1243 5075 Alioquin
1270 5003 1407 5075 tt¹¹⁰m⁰d⁰
1420 5004 1491 5060 reite
1513 5004 1627 5074 Ρθῑθῐῑῦι
1642 5004 1665 5060 Sl
1680 5003 1848 5062 insufficiens
1860 5014 1904 5063 esi

274 5104 389 5161 iaciunt.
417 5104 456 5158 ιιι]
472 5105 525 5159 boc
538 5106 712 5175 respondeo:
731 5103 901 5176 Legequam
917 5104 1064 5175 suscepisti
1115 5095 1452 5152 malicuthbrdientiam
1466 5109 1577 5167 quoque
1588 5103 1663 5151 tuam
1680 5096 1810 5167 implesti.
1825 5108 1833 5127 r

274 5206 302 5254 et
316 5198 427 5261 novisti,
443 5198 494 5252 bac
515 5198 577 5267 jure
597 5195 708 5253 teneris.
727 5194 795 5251 llinc
813 5211 922 5267 quoque
942 5194 1014 5266 quod
1029 5211 1063 5252 ex
1150 5187 1199 5245 Eri
1215 5187 1315 5256 adhuc,
1334 5187 1407 5259 (troil
1422 5187 1623 5244 comestionem
1636 5195 1710 5242 tuam
1729 5190 1842 5243 liberam
1862 5188 1902 5245 ia·

272 5290 471 5347 consuetudine
486 5291 541 5344 dixi
557 5306 612 5345 non
632 5290 726 5355 licere,
740 5303 861 5343 canones
876 5304 985 5359 quoque
999 5302 1063 5360 pro·
1114 5282 1165 5350 cit;
1179 5283 1202 5338 si
1214 5282 1340 5338 uidelicet
1359 5280 1489 5337 sacerdos
1510 5282 1606 5351 plenus
1632 5280 1764 5335 rimarum
1780 5287 1833 5344 est,
1849 5281 1902 5338 tuoe

274 5384 368 5439 bibere
394 5383 531 5437 ridentur.
549 5382 677 5437 Urbanus
705 5381 844 5437 secrrndus
862 5399 868 5437 :
887 5379 1005 5447 Placent,
1033 5389 1062 5434 ut
1113 5383 1166 5438 est,
1183 5376 1207 5431 si
1222 5374 1362 5429 continere
1372 5382 1399 5428 et
1414 5381 1503 5427 tacere
1519 5378 1573 5427 uon
1585 5379 1684 5441 potest,
1700 5372 1745 5438 qui
1763 5374 1900 5427 conitien-

273 5475 342 5531 ntn'li
363 5475 528 5529 sacerdotum
550 5475 669 5541 deinceps
690 5474 767 5528 liceat
793 5472 1063 5544 querniibetcoutmis·
1103 5467 1180 5520 tium
1198 5474 1309 5534 peccata
1334 5464 1394 5518 aliis
1420 5464 1528 5534 prodat.
1556 5462 1635 5517 Hunc
1656 5463 1735 5532 quasi
1755 5463 1899 5532 qrtarrrdam

272 5582 333 5624 sunt
352 5566 430 5619 alteri
455 5565 587 5620 sacerdoti
613 5565 648 5620 ad
663 5567 840 5635 poenitentiam
863 5567 993 5635 ruodpert
1006 5567 1062 5622 sine
1112 5567 1214 5628 pestem
1231 5558 1302 5628 iuge.
1317 5556 1356 5612 De
1370 5557 1422 5612 boc
1440 5555 1588 5627 Gregorius
1605 5554 1658 5609 lale
1672 5554 1812 5609 decretum
1828 5554 1897 5609 dri:

271 5659 330 5731 ejus
344 5675 482 5721 consensu,
495 5659 538 5711 cni
552 5659 662 5726 seprius
676 5659 819 5713 contraisti.
1112 5650 1240 5706 Sacerdos
1254 5661 1314 5705 ante
1328 5651 1415 5705 omrria
1427 5660 1526 5715 careat,
1541 5664 1573 5703 ue
1595 5648 1628 5702 de
1640 5646 1691 5710 tis,
1707 5648 1752 5717 qui
1773 5647 1901 5716 coufiten-

269 5816 271 5821 ,
308 5749 378 5803 linic
393 5749 562 5803 contrarium
572 5750 689 5816 ridetur,
699 5750 772 5820 quod
787 5748 855 5803 dicit
869 5747 1058 5820 Augustinus:
1113 5756 1155 5800 tar
1168 5754 1275 5815 peccota
1296 5758 1356 5809 sua,
1379 5743 1460 5796 alicui
1474 5743 1572 5808 recitet,
1595 5758 1646 5795 non
1668 5741 1831 5811 propinquis,
1846 5754 1900 5795 nort

273 5842 326 5910 Qut
340 5842 393 5897 nult
404 5842 524 5912 confiteri
537 5852 654 5912 peccata,
665 5853 692 5897 ut
705 5842 1059 5914 inueniatgratiaru,qtttcrat
1110 5840 1253 5895 extraneis.
1271 5836 1343 5892 Nam
1357 5837 1381 5891 si
1394 5836 1443 5891 boc
1456 5835 1556 5906 fecerit,
1571 5834 1726 5904 deponatur,
1741 5844 1766 5887 et
1778 5832 1898 5888 omnibns

245 5933 445 6008 ,suardotenn
478 5934 523 6004 qui
546 5935 615 5989 sciat
640 5935 723 6007 lipare
743 5945 768 5990 et
785 5935 895 5991 soluere.
925 5932 979 5991 Sed
993 5943 1059 5991 uota
1109 5930 1199 5988 diebus
1214 5932 1272 5986 nite
1287 5926 1851 6002 suaignominiosusperegrinandoperqat.

274 6024 346 6100 quod
359 6025 410 6082 troc
421 6025 525 6082 dictum
539 6034 580 6082 est
603 6025 631 6081 in
647 6027 808 6102 quastione·
820 6026 876 6097 illa,
897 6024 942 6083 ubi
958 6025 1063 6107 quterig
1079 6092 1116 6115 r·
1145 6023 1183 6082 lle
1205 6022 1408 6099 dispensatione
1425 6022 1508 6096 brejas
1530 6020 1701 6100 questionis,
1721 6018 1793 6092 quod
1809 6018 1895 6086 tensi,
