4350 6709
577 634 732 694 mortun.
754 633 956 692 ucmrcms.
976 634 1020 689 oa
1040 634 1152 694 scnrr.
1173 611 1327 696 soccus
1720 641 1773 696 ιιι

254 748 337 806 iius⁸¹
361 749 510 808 Galliarum
535 754 699 826 episcopus.
732 755 780 826 qui
806 751 941 810 orationis
956 755 978 811 Α
992 748 1083 817 hahet,
1097 751 1228 823 equibus
1243 759 1362 823 quatuor
1378 751 1413 807 ad
1425 749 1602 818 Vulturnum,
1619 760 1647 809 et
1659 763 1775 824 quatuor

265 841 465 916 lerosolymam
490 846 613 913 veniens,
638 847 754 904 lustrata
774 845 849 902 oinni
867 856 939 901 terra
992 839 1025 894 ad
1042 839 1145 898 Eurum
1158 851 1294 914 spectant.
1314 843 1403 915 liujus
1421 844 1449 900 iu
1463 845 1553 901 medio
1568 854 1776 902 monumentum

254 932 388 998 rissionis,
409 934 573 992 Damascum
597 954 716 1011 quoque,
744 937 940 994 Constantino·
990 931 1100 990 Domini
1113 936 1260 992 rotundum
1272 945 1348 1010 petra
1360 937 1485 994 excisum
1500 945 1551 1003 est,
1573 917 1654 1011 cujus
1667 939 1777 996 culmen

273 1025 479 1095 Alexandriam,
501 1028 607 1086 insulas
621 1030 706 1086 niaris
721 1030 808 1099 adiit3
824 1028 939 1101 patriam
990 1027 1157 1086 intrinsecus
1185 1040 1263 1088 stans
1284 1031 1367 1087 bomo
1391 1047 1474 1087 manu
1497 1032 1658 1104 contingere
1675 1040 1775 1105 potest,

254 1118 385 1189 tuarigio
401 1129 529 1190 repetens
544 1121 570 1175 ri
586 1122 756 1192 tempestatis
770 1122 798 1177 in
812 1121 941 1177 occiden·
991 1118 1026 1175 ah
1045 1121 1151 1179 oriente
1161 1125 1266 1181 babens
1279 1126 1433 1190 introitum,
1458 1127 1502 1181 eui
1519 1126 1588 1197 lapis
1601 1127 1646 1182 iile
1661 1141 1777 1197 magnus

255 1218 327 1264 ttora
345 1211 494 1268 Britannia·
507 1212 625 1279 delatus,
642 1222 704 1286 post
716 1216 802 1270 multa
815 1215 849 1270 ad
863 1229 940 1271 eum·
993 1212 1136 1281 appositus
1150 1222 1202 1279 est,
1220 1214 1293 1286 quod
1307 1215 1475 1272 intrinsecus
1489 1214 1717 1272 ferramentorum
1729 1233 1777 1272 re·

254 1304 278 1361 ci
291 1303 423 1361 famulum
438 1306 629 1364 ddamnnnum
652 1309 842 1380 presbyterum
853 1308 939 1374 venit,
991 1303 1073 1375 stigio
1086 1307 1235 1363 ostendunt
1260 1324 1346 1380 usque
1364 1309 1392 1363 in
1408 1323 1539 1380 praesens.
1558 1307 1627 1363 Num
1642 1309 1777 1366 extrinse-

255 1411 364 1470 eunque
384 1399 412 1453 in
437 1398 506 1456 locis
530 1403 633 1460 sanctis
657 1403 738 1476 digna
753 1402 884 1459 memoria
899 1401 941 1457 ri·
991 1409 1041 1452 cus
1055 1413 1143 1475 usgue
1157 1398 1191 1452 ad
1204 1400 1331 1456 culminis
1346 1401 1531 1457 summitatem
1541 1407 1627 1456 totum
1640 1415 1777 1459 marmore

254 1503 276 1545 e
291 1490 399 1556 retulit,
414 1491 461 1546 hie
474 1493 606 1549 litteris“
623 1495 834 1552 commendarit.
854 1494 942 1550 0htu-
991 1492 1104 1552 lectum,
1125 1504 1261 1544 summum
1282 1505 1347 1545 vero
1365 1492 1473 1548 culmen
1490 1506 1558 1547 auro
1573 1501 1711 1559 ornatum,
1726 1510 1776 1550 au-

254 1596 291 1639 tm
307 1582 408 1638 librum
421 1600 501 1640 suum
513 1585 657 1643 Abiridou
672 1602 735 1657 rege
746 1585 941 1642 Nordannhm-
991 1592 1065 1632 ream
1083 1587 1320 1663 magnnmgestnt
1332 1595 1452 1637 crucem.
1470 1579 1499 1636 ln
1514 1581 1597 1653 hujus
1612 1592 1702 1640 autem
1717 1600 1777 1640 mo·

254 1690 339 1747 ique
361 1680 447 1735 ,etiam
479 1681 639 1737 muneribus
661 1680 940 1744 muleisdonatus‚in
991 1673 1114 1728 nomenti
1128 1672 1285 1746 aquilonari
1301 1685 1378 1746 parte
1390 1677 1548 1747 sepulcrum
1565 1676 1673 1732 llomini
1689 1678 1717 1733 in
1731 1694 1777 1733 ra·

254 1778 334 1825 nest
359 1770 501 1828 remissus.
528 1771 582 1828 Sed
600 1773 849 1845 quiaetlihellum,
866 1779 893 1828 et
908 1772 941 1827 li-
991 1763 1052 1821 dem
1074 1772 1154 1837 Ρθῑῐί
1176 1750 1302 1835 'fillum
1323 1769 1503 1838 ¹⁰¹¹di¹¹¹dl¹¹i⁵
1533 1777 1636 1840 sellem
1664 1769 1775 1840 lidum,

256 1866 380 1914 actorem
403 1875 506 1930 paucos
518 1870 674 1918 nostrorum
686 1863 785 1934 legisse
803 1864 846 1920 rel
859 1878 941 1919 nosse
991 1858 1075 1912 frium
1096 1872 1228 1919 mensure
1240 1852 1411 1933 pulmonum,
1435 1861 1592 1931 pauimento
1614 1863 1695 1917 altius
1708 1864 1777 1919 emi-

254 1965 335 2007 enon
355 1961 408 2017 est,
436 1955 566 2025 quiddam
584 1971 675 2019 0100,
691 1957 770 2028 quasi
785 1971 833 2029 per
845 1973 942 2013 ems.
991 1956 1049 2016 net,
1074 1949 1217 2006 introitum
1242 1948 1347 2008 hhheus
1362 1967 1377 2006 a
1392 1953 1477 2008 latere
1491 1953 1656 2016 meridiano,
1673 1955 1719 2010 ubi
1734 1955 1778 2012 die

254 2040 428 2113 retrosimus,
452 2044 524 2114 qnod
545 2045 698 2115 tegentibus
713 2049 861 2116 plurimum
874 2064 941 2104 con·
992 2052 1129 2113 noctuque
1142 2042 1284 2099 duodecim
1300 2045 1440 2115 lampades
1455 2045 1567 2112 ardent;
1580 2055 1697 2117 quatuor
1708 2047 1777 2102 intra

254 2150 258 2184 ι
275 2141 387 2204 potest;
406 2134 449 2190 his
463 2134 606 2205 duntaxat,
628 2138 676 2210 qui
693 2138 727 2195 de
741 2140 809 2196 loeis
824 2141 939 2204 sanetis,
957 2109 1160 2206 Bsepulcrum,
1186 2147 1248 2193 octo
1271 2153 1355 2208 supra
1378 2140 1406 2195 in
1427 2140 1551 2210 margine
1574 2141 1671 2195 dextro
1694 2141 1776 2211 lapis,

254 2223 303 2279 hus
329 2225 502 2296 patriarche,
531 2228 670 2299 prophetae
695 2237 723 2287 et
742 2232 857 2303 apostoli
877 2247 941 2287 cum
991 2225 1038 2297 qui
1054 2225 1200 2284 adustium
1216 2230 1385 2286 monumenti
1401 2231 1589 2301 posituserat,
1611 2247 1684 2287 none
1706 2232 1778 2291 drus

254 2317 355 2372 lomino
380 2320 535 2375 conversati
559 2327 634 2384 sunt,
647 2335 680 2376 ea
694 2328 814 2386 tantum,
830 2336 892 2393 quae
902 2322 943 2377 le·
991 2325 1043 2380 est.
1059 2318 1139 2388 cujus
1156 2335 1220 2390 pars
1235 2323 1325 2377 minor
1333 2323 1497 2397 quadratum
1510 2325 1595 2380 altare
1604 2334 1666 2380 ante
1674 2327 1776 2382 ostium

266 2407 432 2473 didicerunt,
453 2417 481 2462 et
494 2418 606 2466 norunt.
625 2409 710 2484 igitur
723 2413 757 2469 de
771 2413 940 2480 Bethlehem,
990 2413 1170 2470 nihilomiuus
1194 2414 1317 2485 eiusdem
1342 2419 1512 2474 monumenti
1525 2426 1590 2482 stat,
1607 2420 1695 2491 major
1711 2435 1776 2475 vern

254 2514 324 2554 ornes
338 2505 380 2555 est
394 2499 478 2555 Pania
489 2503 658 2572 angelorum,
676 2504 771 2575 inquo
785 2503 868 2576 Virgo
882 2505 942 2560 rit·-
991 2508 1019 2561 in
1039 2504 1164 2561 orientali
1187 2505 1309 2575 ejusdem
1331 2509 1454 2565 ecciesiae
1479 2509 1540 2564 loco
1557 2509 1776 2580 quadrangulum

261 2589 382 2646 Verbum
398 2592 432 2648 de
443 2608 473 2649 se
487 2596 582 2666 genuit
596 2595 781 2662 incarnatum,
795 2598 892 2654 scribit
912 2597 942 2652 iu
991 2595 1065 2651 aliud
1079 2595 1165 2652 altare
1179 2595 1230 2652 suh
1251 2595 1457 2655 linteaminibus
1472 2597 1576 2655 existit.
1592 2596 1675 2653 Color
1685 2605 1775 2654 autem

254 2684 374 2740 nodirm:
990 2687 1114 2758 eiusdem
1135 2689 1316 2756 monumenti,
1336 2695 1363 2746 et
1374 2691 1493 2763 sepulcri
1506 2689 1569 2746 atho
1581 2697 1608 2747 et
1623 2690 1778 2747 rubicundo

254 2778 347 2835 debeor
364 2780 463 2836 civitas
481 2778 567 2835 flavid
582 2779 610 2835 in
624 2779 708 2837 dorso
721 2780 774 2837 sita
788 2789 841 2846 est,
855 2797 943 2856 angu·
992 2779 1142 2860 permistus
1155 2780 1272 2837 ridetur.

254 2870 283 2928 ιι
305 2873 380 2928 omni
394 2881 483 2945 parte,
503 2874 622 2931 vallibus
636 2874 817 2940 circumdata,
832 2877 867 2931 ab
884 2878 942 2933 ori·
1026 2870 1065 2927 De
1082 2871 1143 2928 1⁰00
1164 2888 1274 2944 duoque
1288 2873 1460 2932 ascensionis
1480 2872 1629 2932 Dominioae
1648 2874 1779 2949 praefutus

254 2977 268 3018 n
289 2966 460 3022 occidentem
484 2966 559 3023 mille
586 2968 714 3038 passibus
736 2969 828 3042 longa,
844 2969 941 3026 humili
992 2970 1089 3019 auctor
1104 2962 1157 3019 ilde
1170 2963 1365 3022 modorefert:
1382 2963 1461 3022 lions
1477 2963 1618 3023 Oiitarum
1640 2966 1779 3024 altitudini

254 3056 359 3113 militis
384 3073 463 3115 mitro
484 3075 533 3130 ilci*
550 3067 673 3117 extrema
685 3062 760 3134 plani
775 3063 944 3120 vertigigin.
992 3052 1176 3112 montisSlon
1200 3072 1249 3128 pal·
1264 3065 1317 3124 esi,
1333 3057 1382 3114 sed
1402 3057 1545 3115 latitudine
1560 3068 1587 3115 el
1607 3060 1779 3132 longitudino

254 3161 282 3217 ις
305 3149 333 3204 in
362 3150 443 3221 eujus
467 3154 566 3208 orienti
589 3154 690 3226 angulo
711 3155 792 3226 quasi
805 3155 942 3228 quoddam
992 3156 1115 3220 ptaestat,
1130 3151 1254 3222 exceptis
1268 3151 1371 3207 vitibus
1384 3158 1413 3206 et
1429 3149 1509 3207 olivis
1522 3166 1586 3207 raro
1601 3150 1677 3208 ferax
1696 3152 1779 3209 arho-

254 3242 473 3301 ieeemiantrum
492 3255 544 3313 esc,
559 3249 640 3320 cnjus
655 3251 775 3306 exterior
789 3266 854 3323 pm
867 3253 942 3307 0211.
992 3240 1080 3304 ribus,
1103 3238 1233 3297 frumenti
1258 3255 1367 3312 quoque
1387 3248 1414 3296 et
1437 3240 1532 3296 hordei
1559 3240 1667 3300 fertilis.
1689 3257 1778 3311 neque

259 3333 408 3393 llominieae
423 3337 508 3396 fnisse
523 3340 625 3397 dieitur
638 3343 734 3413 100053
747 3345 942 3402 interjorprae.
992 3333 1064 3388 enim
1085 3332 1214 3398 bnrcosa,
1240 3331 1287 3390 sed
1302 3331 1418 3387 herbosa
1430 3339 1458 3387 et
1470 3331 1566 3400 dorida
1579 3332 1629 3387 seii
1648 3333 1722 3388 illius
1736 3340 1778 3387 est

254 3427 343 3482 omini
357 3430 524 3486 nominatur.
534 3429 598 3487 llaec
608 3434 739 3504 spelunea
753 3443 809 3493 tota
825 3436 941 3493 interius
954 3461 976 3520 (ς
992 3424 1122 3495 (illimis,
1146 3425 1174 3480 5¹¹
1194 3424 1275 3494 cujus
1289 3438 1398 3480 Summ⁰
1411 3423 1525 3488 vellite·
1540 3424 1587 3479 ubi
1599 3423 1730 3479 Dominus
1743 3423 1778 3478 ιιι

254 3529 279 3572 tu
290 3531 428 3574 marmore
441 3525 515 3574 tecta
530 3535 612 3591 snpra
627 3522 728 3587 loeunr,
744 3524 793 3579 nbi
808 3522 941 3580 Dominus
993 3516 1079 3574 emfos
1102 3515 1235 3581 ascendit,
1260 3514 1376 3572 eeclesia
1404 3515 1523 3570 rotunda
1547 3516 1666 3587 grandes
1684 3523 1777 3572 ternas

264 3608 413 3680 specialius
437 3610 568 3678 traditur,
585 3613 694 3670 Sancus
707 3614 798 3671 Maria}
811 3614 942 3686 grandem
993 3623 1040 3677 per
1060 3605 1207 3661 circuitum
1229 3620 1382 3662 cameratas
1401 3606 1484 3661 hahet
1510 3607 1636 3677 porticus
1660 3606 1778 3678 desuper

263 3701 419 3758 ecelesiam.
436 3701 554 3775 Scripsit
578 3705 642 3761 item
664 3707 717 3762 1100
736 3707 817 3763 modo
833 3708 943 3766 (101000
991 3708 1088 3755 tectas.
1115 3695 1231 3754 interior
1249 3713 1367 3771 namque
1392 3700 1491 3757 domus
1516 3707 1629 3772 propter
1642 3699 1778 3754 llominici

254 3795 292 3852 uis
306 3803 333 3850 et
344 3797 556 3853 resurrectionis
572 3798 675 3870 ipsius:
992 3793 1116 3866 corporis
1140 3800 1260 3848 meatum
1281 3793 1415 3848 camerari
1441 3801 1468 3849 et
1483 3794 1536 3865 tegi
1551 3807 1607 3846 uon
1624 3793 1721 3863 potuit,
1737 3785 1779 3846 tt-

255 3901 334 3944 etsus
347 3902 362 3942 a
377 3889 585 3959 septentrionali
599 3900 676 3962 parte
685 3891 882 3967 lerosolymam
894 3911 944 3952 ur.
994 3892 1053 3939 tare
1078 3884 1113 3941 ad
1137 3883 1270 3941 orientem
1286 3884 1390 3940 habens
1403 3891 1519 3956 angusto
1532 3883 1651 3939 cuimine
1664 3890 1776 3946 tectum,

254 3979 350 4036 timum
366 3981 400 4036 de
420 3982 488 4038 loeis
511 3983 613 4040 sanctis
636 4000 687 4056 pro
710 3986 869 4045 conditione
883 3990 943 4062 pia.
992 3977 1020 4032 in
1039 3976 1121 4047 cuius
1143 3976 1235 4032 medio
1248 3975 1343 4031 ultima
1359 3974 1468 4032 llomini
1483 3975 1598 4048 vestigia
1614 3974 1779 4034 coelodesu-

254 4073 467 4130 rdirertendum
481 4075 569 4132 estad
584 4078 728 4135 ecclesiam
739 4078 944 4138 Constantinia-
993 4084 1041 4140 iter
1054 4074 1175 4140 latente,
1193 4067 1239 4125 ubi
1253 4068 1390 4135 attendit,
1411 4067 1550 4134 visuntur,
1564 4082 1697 4140 quaecum
1714 4083 1780 4138 quo

254 4178 308 4236 gne
330 4164 480 4238 llartyrum
502 4169 665 4238 appellatur,
693 4169 943 4231 flancconseanp.
991 4161 1059 4217 tidie
1073 4161 1274 4218 aeredentibus
1287 4168 1362 4217 terro
1384 4160 1507 4227 tollatur,
1523 4160 1703 4216 nibilominus
1722 4174 1781 4214 ma·

254 4264 429 4328 permoneo
444 4257 518 4328 quod
533 4257 571 4313 ibi
586 4273 655 4316 crux
668 4259 776 4319 llomini
790 4264 827 4321 ab
839 4263 942 4322 lleleua
993 4252 1068 4309 ΜΨ
1092 4252 1216 4310 0⁸de
1233 4252 1323 4308 “illuc
1346 4254 1463 4324 ⁸l0010¹1¹
1486 4253 1569 4310 leiuli
1583 4250 1726 4323 impressis
1739 4252 1779 4306 ⁵5·

256 4354 364 4420 reperta
375 4347 422 4413 sit,
436 4349 583 4420 magnilica
596 4359 624 4409 et
636 4352 714 4426 regio
728 4356 804 4411 cuim
818 4365 943 4415 comem.
993 4351 1075 4414 gnata
1089 4343 1214 4414 vestigiis
1235 4348 1334 4398 serrat.
1357 4339 1421 4397 llaee
1445 4341 1531 4405 eirea,
1548 4354 1619 4395 aerea
1634 4347 1694 4393 rota
1705 4338 1781 4408 jacet

254 4438 318 4496 binc
334 4440 369 4496 ab
378 4442 635 4515 oceasutiotgotana
646 4446 758 4502 ridetur
770 4448 898 4515 ecelesia,
914 4451 942 4506 in
993 4449 1082 4506 usque
1104 4434 1138 4491 ld
1163 4434 1296 4505 cervicem
1315 4434 1381 4498 ²¹²³»
1401 4430 1774 4488 ³b⁰0⁰²⁵t¹¹1²b⁸lt⁸infr⁰i·

254 4536 306 4593 itm
329 4536 407 4608 rupis
428 4544 541 4607 apparet
556 4537 613 4601 illa,
629 4551 690 4607 quae
704 4536 843 4607 quendam
855 4537 942 4608 ipsam
993 4535 1049 4581 tum
1067 4527 1203 4598 pendente
1220 4526 1337 4597 desuper
1352 4526 1380 4580 in
1391 4525 1512 4581 cochleis
1528 4538 1626 4595 magna
1643 4520 1779 4593 lampade,

255 4644 263 4684 Ι
288 4627 396 4684 Domini
421 4644 549 4700 corpore,
570 4643 681 4685 cruceni
704 4629 826 4700 pertulit,
842 4644 943 4700 argen.
992 4626 1106 4690 totaque
1126 4619 1181 4684 (lie,
1209 4628 1237 4675 el
1255 4626 1338 4674 tiocle
1352 4618 1470 4674 lucente.
1485 4615 1515 4679 itt
1528 4615 1691 4672 occidentali
1705 4614 1781 4685 eills·

254 4721 321 4777 uodo
332 4721 514 4792 pergrandem
528 4707 944 4791 sustinenscrucem,pendeme
993 4712 1054 4768 dem
1070 4711 1194 4767 ecclesiae
1213 4718 1289 4782 parte
1305 4709 1432 4768 fenestrae
1446 4718 1508 4765 octo
1526 4706 1694 4778 totidemque
1706 4721 1722 4762 ε
1736 4721 1780 4760 re-

254 4826 276 4867 sr
295 4827 392 4884 magna
409 4827 480 4868 aerea
502 4821 563 4868 rota
584 4827 647 4868 eum
672 4813 852 4883 lampadibus.
868 4813 940 4869 lnfra
955 4806 979 4861 ll
993 4809 1073 4881 gione
1085 4806 1225 4879 lampades
1243 4806 1272 4862 in
1284 4805 1397 4862 funibus
1411 4805 1560 4877 pendentes
1571 4819 1657 4876 usque
1669 4801 1782 4858 leroso-

254 4902 429 4972 psumlocum
444 4899 595 4965 Dominicae
609 4903 701 4958 crucis
715 4905 806 4964 excisa
827 4905 944 4976 inpetro
995 4907 1096 4978 lyrnam
1120 4919 1169 4977 per
1189 4905 1290 4959 vitrum
1311 4902 1428 4975 fulgent,
1444 4917 1561 4974 quarum
1577 4901 1625 4956 lux
1640 4899 1723 4956 corda
1738 4898 1782 4953 in-

265 5003 319 5062 est,
332 4996 426 5067 inqua
438 5010 521 5065 super
540 4995 627 5052 altare
640 5011 690 5067 pro
700 4995 838 5053 defunctis
856 4999 944 5054 hono-
997 4998 1131 5055 tnentium
1157 5012 1219 5052 cum
1242 4996 1360 5068 qriadam
1375 4996 1517 5050 alacritate
1530 5002 1557 5051 et
1571 4993 1783 5065 compunctione

254 5086 416 5144 sacrificinm
433 5087 504 5142 solet
527 5085 631 5148 offerri.
659 5089 757 5159 positis
781 5089 891 5145 interim
914 5091 943 5144 in
995 5104 1141 5162 pavescere
1154 5089 1265 5144 dieitur.
1280 5086 1309 5143 ln
1324 5086 1558 5144 diehscensionis
1571 5086 1720 5141 llominieae
1734 5099 1783 5155 per

272 5177 446 5246 corporibus.
470 5176 558 5246 liujus
579 5194 688 5250 quoque
702 5178 737 5233 ad
751 5194 880 5237 occasum
901 5197 944 5237 ee·
994 5198 1081 5238 annos
1099 5180 1222 5253 singulos
1240 5180 1326 5236 missa
1351 5191 1462 5250 peraeta
1482 5177 1566 5234 ualidi
1578 5177 1702 5232 fulminis
1717 5190 1782 5247 prn-

261 5264 415 5331 Anastasis,
431 5268 484 5324 hoc
510 5277 552 5325 est
571 5270 781 5326 resurrectionis
796 5270 943 5329 llominicae
996 5275 1064 5330 cella
1079 5273 1225 5331 desursum
1244 5274 1337 5329 uenire
1354 5272 1507 5336 consuerit,
1531 5278 1559 5327 et
1580 5285 1676 5325 omnes
1691 5270 1739 5340 qui
1754 5270 1783 5325 in

254 5359 276 5414 la
298 5361 427 5425 ecclesia,
449 5361 539 5418 trihus
558 5365 649 5417 cincta
664 5363 826 5434 parietibus.
840 5363 945 5421 duode-
995 5365 1113 5423 ecelesia
1132 5365 1243 5433 fuerint,
1257 5373 1336 5422 terrae
1351 5372 1538 5436 prosternere.
1568 5360 1605 5417 lle
1628 5361 1683 5416 situ
1699 5360 1782 5415 etiam

254 5449 364 5507 tlumnis
386 5460 568 5519 sustentatur,
589 5455 662 5509 inter
681 5455 799 5525 parietes
819 5455 944 5527 singulos
995 5456 1117 5522 llebron,
1133 5465 1160 5513 et
1174 5457 1359 5528 monumentis
1374 5463 1483 5528 patrum
1499 5455 1536 5508 ita
1552 5453 1667 5510 scribit:

256 5543 360 5600 babens
381 5546 498 5616 spatium
514 5546 574 5614 viae,
590 5547 655 5618 quia
670 5548 722 5601 tria
734 5546 830 5602 altaria
845 5548 873 5604 in
894 5550 944 5605 tri·
1029 5551 1140 5608 llebron
1153 5549 1290 5622 quondam
1303 5548 1402 5604 civitas
1418 5554 1446 5603 et
1463 5544 1624 5617 metropolis
1636 5543 1714 5616 regni
1730 5541 1784 5596 lla·

254 5626 419 5709 ris'parietis
435 5638 517 5693 medii
534 5640 729 5702 eontinet.boe
740 5647 782 5696 est
799 5643 940 5707 australis,
994 5645 1051 5711 rid,
1069 5643 1252 5700 nunc‘ruiuis
1273 5649 1391 5706 tantum,
1417 5639 1484 5712 quid
1498 5646 1564 5693 tunc
1580 5636 1662 5693 fuerit
1686 5646 1782 5693 osten·

254 5729 377 5795 ilonaris,
398 5737 427 5786 ct
448 5730 637 5791 occidentalis.
654 5731 717 5787 llaec
733 5731 777 5788 his
793 5742 942 5805 quaternas
996 5739 1075 5804 dens,
1093 5752 1148 5793 uuo
1164 5735 1200 5791 ad
1222 5735 1354 5791 orientem
1368 5733 1457 5789 stadio
1470 5732 1631 5802 speluncam
1643 5728 1781 5800 duplicem

254 5862 262 5889 ,
286 5822 376 5880 idest
398 5822 527 5878 introitus
544 5839 592 5895 per
607 5833 662 5881 tres
676 5826 813 5898 eregione
825 5829 943 5899 parietes
997 5831 1025 5886 in
1042 5831 1112 5887 ualle
1135 5829 1227 5893 habet,
1249 5827 1296 5883 ubi
1319 5826 1444 5896 sepulcra
1468 5824 1689 5898 patriarcharum
1713 5837 1782 5895 qun·

254 6026 433 6168 ιῗιιᾶεΐιῑιιιριὲῗθ
452 6027 590 6155 ει“ιιιιον
605 6045 698 6085 monus
715 6031 846 6088 mandare
868 6037 985 6093 curarit.
1034 6033 1056 6066 ⁸³
1085 6033 1105 6088 f.
1122 6028 1247 6089 hidfrido
1266 6029 1324 6104 regi
1350 6026 1655 6113 Nordauhombropum.
1703 6013 1783 6082 “itit

299 6194 435 6258 Parnot.
456 6191 592 6261 ccxttt.
743 6198 748 6226 ¹
1589 6189 1641 6248 ”th
