4350 6709
229 511 277 566 ,tat
591 513 598 534 ⁸
844 508 1004 562 iniuste,
1023 538 1058 550 -
1077 508 1140 566 tttt.
1163 509 1218 568 itt.
1266 551 1267 555 ,
1795 511 1847 568 Sd!

228 627 346 692 Christi,
373 635 401 680 et
424 635 547 681 nostram
572 625 821 687 resurrectionem,
843 626 884 678 vel
907 628 1094 692 propterattn
1109 627 1269 695 praecedenti
1287 622 1406 696 prae'sens
1420 628 1484 694 vita,
1507 630 1547 684 sie
1571 630 1596 683 in
1621 631 1671 685 lsta
1694 629 1784 684 littura
1799 646 1849 685 cx·

229 721 310 776 trinas
335 719 430 785 stolas,
453 735 522 791 quas
545 720 657 774 induent
678 733 779 787 eorpus
808 724 836 771 et
857 716 958 780 anima,
971 715 1014 770 vel
1066 717 1177 772 saltatio
1191 719 1371 790 significatur.
1387 719 1464 774 Unde
1479 722 1506 775 in
1526 722 1570 776 illa
1584 722 1697 791 jejuniis
1708 731 1735 779 et
1745 721 1848 777 oratio·

228 814 293 881 ipris
307 814 431 869 toneerit
440 812 532 868 laetitia
541 812 704 883 sempiterna
714 809 918 880 ¹;quialaetitia,
929 824 1013 862 unum
1065 804 1147 860 nibus
1159 806 1337 875 intendimus,
1351 808 1378 863 in
1394 810 1446 864 ista
1458 809 1562 879 jejunia
1577 811 1733 866 relaxamus
1744 806 1772 867 et
1787 813 1849 867 lau·

228 904 360 969 ultctaio3
391 903 456 973 quia
485 903 662 972 sempiterna,
687 901 837 955 secondum
860 898 1015 954 concinitur
1064 899 1145 954 dibus
1156 899 1338 969 indulgemus.
1352 882 1471 956 Primam
1482 903 1610 973 figuravit
1623 904 1725 959 Christi
1740 905 1847 974 passio,

228 995 351 1050 alleluiu.
367 993 453 1049 llodie
466 998 631 1050 terminatur
644 993 859 1064 Septuagesima,
871 1007 952 1062 quam
967 1007 1014 1046 su·
1064 992 1211 1048 secundam
1227 995 1406 1061 resurreetio;
1418 996 1499 1051 velut
1513 997 1540 1050 in
1552 997 1800 1067 praeeedentiaetin,
1816 997 1846 1057 in

226 1086 480 1156 periuseaptiritati
490 1085 916 1157 Babylontcae³cornparavtmus,
930 1100 1012 1154 quarn
1063 1084 1114 1139 ista
1131 1086 1292 1158 intelligitur
1304 1089 1512 1158 contemplatio;
1526 1089 1559 1144 de
1572 1105 1644 1143 anno
1658 1099 1748 1144 tamea
1761 1089 1844 1160 quin·

225 1178 309 1231 etiam
333 1193 493 1247 comparare
517 1192 663 1246 possumus
691 1176 754 1231 tiliis
775 1175 867 1237 lsrael,
884 1175 930 1245 qui
949 1191 1011 1231 eum
1062 1180 1229 1248 quageuario
1252 1180 1278 1232 in
1302 1178 1461 1235 Pentecoste
1483 1181 1565 1235 latius
1590 1195 1798 1251 prosequemur.
1813 1180 1844 1239 ln

226 1280 321 1325 essent
335 1271 364 1325 in
379 1270 539 1342 Egyptiaca
551 1271 681 1326 servitute
694 1269 716 1332 ⁸,
729 1269 1010 1338 lloreruntdieentes:
1061 1270 1183 1337 vesperis
1208 1272 1350 1327 hodiernis
1380 1270 1491 1327 feriales
1516 1272 1615 1341 psalmi
1643 1288 1706 1326 cum
1734 1272 1844 1328 alleluia
1874 1302 1876 1310 ·

224 1363 461 1416 Circumdederunt
475 1363 486 1394 ⁵
501 1380 509 1416 ε
526 1362 646 1432 Uarurqe
658 1364 669 1395 ⁸
683 1381 691 1416 :
705 1360 772 1415 Esto
784 1362 806 1415 '.
1060 1359 1197 1417 dicuntur.
1214 1364 1328 1418 Attendc
1346 1364 1419 1433 quod
1442 1364 1470 1417 in
1494 1364 1613 1432 antiquis
1636 1363 1712 1417 libris
1734 1362 1845 1417 annoti·
1878 1347 1879 1350 ¹

256 1454 384 1510 Uilleium
400 1464 506 1525 quartae
527 1453 613 1520 leriae,
627 1453 653 1508 id
675 1465 718 1509 est
739 1454 836 1523 capitis
847 1452 955 1523 jejunii,
972 1453 1008 1507 itu
1059 1468 1125 1507 num
1137 1452 1242 1508 Pascha
1263 1463 1383 1520 notatur,
1397 1455 1470 1525 quod
1485 1455 1700 1510 anniversarium
1722 1454 1844 1509 dieitur:

222 1557 274 1605 est.
300 1561 333 1602 uc
360 1547 383 1602 si
399 1547 505 1602 dicutur
524 1546 621 1618 Moysi,
640 1546 721 1601 Solve
742 1546 954 1602 calceamentum
975 1545 1009 1601 de
1059 1547 1123 1601 olim
1135 1549 1233 1601 etenim
1247 1548 1293 1617 qni
1309 1547 1335 1601 in
1350 1547 1512 1618 praecedenti
1525 1547 1626 1617 paseha
1640 1546 1769 1617 baptizati
1785 1545 1846 1602 iue-

222 1641 341 1710 pedibas
366 1641 429 1696 tuis.
456 1639 579 1696 Utticium
610 1639 841 1710 quadragesimae,
866 1646 909 1694 est
928 1638 1007 1708 quasi
1058 1647 1133 1702 runt,
1149 1638 1175 1691 in
1191 1638 1313 1708 sequenti
1329 1653 1401 1692 antro
1416 1639 1486 1693 diem
1498 1655 1554 1694 suae
1567 1638 1779 1714 regenerationis
1798 1655 1844 1695 so·

221 1734 364 1790 eontentio
379 1734 531 1791 Pharaonis
547 1743 574 1790 et
590 1734 686 1806 Mopsi,
702 1743 732 1788 ιιι
744 1733 907 1787 liberaretur
919 1748 1006 1802 popu·
1058 1728 1183 1784 lemniter
1199 1730 1362 1795 recolebant,
1385 1729 1545 1785 reducentes
1565 1730 1597 1784 ad
1619 1730 1779 1786 memoriam
1800 1745 1846 1786 se-

221 1828 263 1880 lus
281 1826 328 1882 llei
340 1835 363 1879 ⁸.
376 1826 533 1897 Baptismus
547 1842 623 1882 mare
637 1826 758 1880 llubrum
771 1829 793 1881 ι.
805 1825 949 1880 Transitus
959 1839 1007 1893 per
1057 1823 1173 1876 ettndarn
1196 1823 1374 1888 nativitatem,
1397 1822 1430 1878 de
1455 1839 1508 1894 qua
1532 1823 1600 1878 dixit
1613 1821 1746 1879 Dominus
1760 1819 1845 1878 ilico·

221 1922 361 1973 desertum
376 1920 428 1975 sub
441 1919 568 1985 ducibus,
582 1928 623 1976 est
633 1919 788 1989 deportatio
807 1918 1004 1988 rreophptorum
1056 1915 1136 1970 demo
1154 1934 1161 1969 ι
1180 1933 1189 1967 r
1206 1913 1262 1970 Nisi
1273 1915 1336 1987 quis
1349 1924 1460 1971 renatus
1483 1914 1564 1970 tuerit
1585 1931 1618 1970 ex
1637 1930 1719 1985 aqua,
1734 1923 1761 1969 et
1778 1911 1842 1986 Spi-

220 2026 268 2078 per
282 2011 358 2064 bane
373 2011 571 2067 hebdomadam
591 2012 643 2068 sub
658 2009 823 2082 presbyteris
837 2019 864 2064 et
877 2008 1003 2078 patrinis,
1056 2002 1112 2057 ritu
1138 2012 1233 2058 sancto
1245 2004 1277 2069 ¹⁰,
1291 2013 1344 2059 ete.
1362 2023 1371 2055 r
1389 2003 1552 2060 Nicodemus
1577 2004 1779 2077 liguram'tenet
1794 2019 1842 2061 eo-

220 2109 245 2152 ιι
259 2099 301 2153 sie
315 2099 471 2168 pervenitur
485 2101 592 2155 tandem
615 2099 642 2154 in
658 2101 709 2155 boc
721 2098 841 2154 sabbato
854 2098 888 2152 ad
904 2107 1003 2152 terram
1056 2110 1116 2148 rum
1131 2095 1178 2165 qui
1193 2095 1315 2161 credunt,
1339 2105 1386 2150 ortt
1414 2095 1491 2150 iidem
1510 2105 1683 2165 aeceperunt,
1699 2096 1746 2151 sed
1768 2110 1840 2151 nou-

219 2192 425 2260 promissionis‚
448 2192 564 2263 ideoque
587 2192 776 2263 frequentatur
799 2191 918 2255 alleluia,
943 2205 1005 2261 quae
1055 2184 1121 2238 dum
1136 2185 1250 2240 fideliter
1266 2197 1439 2254 operantur:
1466 2186 1533 2241 tales
1548 2196 1612 2240 surrt
1632 2185 1772 2256 neophyti·
1792 2185 1841 2255 qut

220 2281 405 2351 frequentatio
419 2281 449 2336 ht
462 2282 497 2337 ab
512 2283 563 2337 hoc
579 2282 696 2337 Sabbata
707 2297 793 2351 usqne
806 2280 839 2334 aet
854 2279 1002 2334 Sabbatum
1055 2293 1104 2348 per
1122 2279 1173 2333 hoc
1185 2277 1360 2348 Evangelhun
1377 2279 1565 2334 solemnizant.
1578 2277 1655 2344 Qvtod
1670 2276 1740 2333 sorte
1753 2277 1840 2333 sumi-

218 2382 280 2440 post
295 2372 524 2431 retineremur
534 2374 803 2445 suntquinquagtma
814 2373 872 2426 dies
883 2387 1004 2425 avtrruum
1056 2370 1223 2439 turagentili
1239 2368 1337 2439 popolo
1351 2370 1487 2425 miseriam
1501 2371 1672 2434 nascebatur,
1685 2367 1839 2426 natalitium

216 2463 372 2530 iubiheum,
385 2464 412 2518 id
424 2474 466 2520 est
477 2466 641 2535 jubilatione
663 2466 785 2535 plenum,
806 2464 910 2519 seilicet
931 2462 1005 2517 tntu-
1055 2461 1215 2516 observabat
1225 2461 1274 2530 (ι).
1290 2457 1375 2514 ιιιιιίο
1391 2460 1487 2530 magis,
1500 2459 1733 2514 illecelebrandus
1747 2468 1798 2525 est,
1811 2458 1838 2512 in

219 2569 277 2608 ram
292 2556 377 2609 vitam
391 2556 615 2626 siqmbcantesin
628 2573 681 2628 qua
693 2572 741 2627 per
754 2571 850 2610 omnes
861 2555 1006 2612 vieosllie-
1055 2570 1110 2624 quo
1138 2571 1329 2627 regeneramur
1354 2555 1387 2609 ad
1417 2555 1551 2623 gratiam,
1581 2559 1609 2605 ut
1635 2565 1780 2621 regnemus
1809 2549 1838 2604 in

217 2646 337 2701 ruralem
353 2648 387 2703 ah
398 2649 534 2706 universis
544 2652 699 2705 caritabitur
709 2649 828 2704 alleluia.
844 2646 921 2703 Sicut
932 2650 1003 2703 enim
1055 2649 1150 2720 gloria.

253 2762 399 2821 'isa.6l.
438 2765 501 2821 ’lv
520 2765 652 2838 nepas.
689 2764 850 2822 Ἐιοιιὶ
891 2764 1048 2820 'Psalle
1087 2767 1253 2825 ‘nsahts
1291 2767 1455 2824 'Psahih
1493 2763 1647 2830 'hrode
1684 2758 1835 2825 'treet

216 2843 244 2888 et
266 2834 353 2890 inira.
387 2834 505 2893 ιἰοιιιι.
527 2839 553 2892 5,

252 2966 293 3031 (ι)
309 2966 399 3022 Locus
414 2978 1821 3089 corruptlffi-mfflffl

764 3172 945 3261 LIBER
978 3168 1291 3259 SEPTIMUS.

515 3424 709 3483 PROLOGUS.
1017 3432 1129 3493 crum,
1146 3427 1279 3481 Uolnims
1303 3429 1330 3479 in
1356 3425 1445 3479 medio
1466 3423 1575 3478 illorum
1591 3422 1676 3488 stetit,
1691 3431 1718 3477 et
1740 3438 1835 3493 parem

250 3513 338 3570 'ictus
353 3516 437 3571 Adam
453 3521 578 3589 praeeepti
602 3521 794 3590 prevaricator
806 3537 820 3575 a
834 3520 877 3576 via
890 3520 1003 3591 justitie
1053 3506 1108 3575 illis
1122 3519 1301 3573 annuntiavit.
1317 3515 1369 3571 Per
1386 3516 1534 3585 discipulos
1547 3516 1655 3570 clausos
1667 3530 1763 3570 omnes
1774 3516 1837 3573 illos

214 3606 366 3662 declinarit
378 3608 410 3674 ¹¹,
423 3609 468 3664 sed
483 3610 639 3666 misericors
653 3612 794 3680 Dominus,
806 3613 851 3682 qui
869 3627 923 3666 non
933 3613 1003 3668 obli·
1053 3613 1211 3681 accipimus,
1228 3610 1274 3680 qui
1287 3611 1503 3679 persecutionem
1518 3608 1657 3677 patiuntur
1669 3618 1779 3678 propter
1790 3609 1837 3680 ju·

214 3700 334 3754 viscitur
349 3701 469 3755 misereri
486 3702 519 3767 ¹¹,
534 3704 717 3758 errabundum
740 3721 787 3774 per
803 3705 913 3759 nuntios
924 3719 1004 3759 rero-
1052 3707 1153 3761 stiriam
1170 3706 1201 3771 ι’,
1217 3705 1332 3774 quinon
1356 3705 1457 3758 auvlent
1478 3704 1571 3758 restire
1587 3704 1614 3758 in
1637 3703 1776 3774 publicum
1799 3708 1835 3760 ult

215 3795 300 3848 esrit.
312 3792 429 3849 Domum
444 3795 500 3850 tilio
515 3797 673 3863 revertenti,
687 3796 766 3852 Pater
776 3797 876 3852 oceidit
887 3799 1000 3852 vitulum
1051 3798 1155 3854 rabiem
1170 3807 1387 3867 persecutorum,
1402 3798 1474 3850 sicut
1496 3811 1545 3850 aee
1571 3796 1695 3864 discipuli
1724 3805 1836 3867 propter

216 3889 383 3959 saginatum,
407 3889 505 3942 stolam
530 3888 614 3953 dedit,
639 3901 666 3943 et
688 3891 819 3944 uvrrrulum
841 3890 874 3954 ¹⁸,
891 3899 919 3945 et
939 3891 1002 3946 licet
1051 3899 1153 3944 metum
1176 3888 1343 3943 iudaeorum.
1370 3886 1407 3940 De
1438 3887 1532 3941 codem
1558 3888 1689 3956 martyrio
1715 3888 1836 3957 loquitur

215 3983 311 4052 gratiae
334 3981 404 4036 uara
428 3992 633 4053 consumpserat
659 3985 821 4053 portionem,
848 3993 939 4039 tamen
967 3986 1000 4040 ad
1050 3980 1169 4036 ioannes
1196 3981 1222 4034 in
1246 3979 1368 4058 Epistola
1385 3980 1428 4043 ¹⁰,
1459 3979 1543 4034 Urunc
1562 3981 1633 4049 quod
1664 3989 1758 4034 uotum
1784 3989 1834 4047 ert,

214 4082 346 4127 aeternam
356 4088 418 4127 eum
432 4073 590 4129 reconciliat
601 4074 795 4129 haereditatem.
807 4077 892 4141 Quam
906 4090 1001 4130 recon-
1050 4075 1144 4130 dicens
1161 4093 1167 4128 :
1188 4094 1196 4125 r
1211 4072 1277 4128 Tres
1291 4081 1355 4127 sunt
1366 4073 1412 4142 qui
1424 4072 1610 4127 testimonium
1625 4072 1693 4127 dant
1703 4073 1730 4127 in
1744 4083 1834 4140 terra,

215 4163 384 4217 ciliationem
399 4163 427 4217 in
443 4164 566 4234 sequenti
588 4165 716 4234 periocha
737 4166 855 4221 celebrat
872 4165 1000 4219 solemni·
1050 4166 1174 4235 spiritns,
1199 4179 1281 4233 aqua,
1303 4173 1328 4218 et
1353 4164 1476 4233 sanquis.
1497 4183 1507 4214 ι
1528 4162 1577 4218 llis
1599 4165 1686 4219 tribus
1709 4166 1834 4232 testibus,

214 4269 284 4310 uras
297 4253 417 4310 Ecclesia
1050 4259 1153 4312 scilieet
1176 4256 1277 4325 Spiritu
1300 4266 1405 4319 saneto,
1433 4271 1503 4325 aqua
1530 4256 1677 4326 baptismi,
1703 4259 1834 4331 martyrio

470 4347 585 4404 chent
601 4347 745 4404 Pttttttttt.
1050 4351 1190 4418 sanguinis
1201 4349 1315 4408 Christi,
1330 4348 1582 4404 eontirmatortides
1596 4359 1701 4416 nostra,
1713 4359 1740 4405 et
1754 4351 1834 4420 adju-

400 4455 525 4495 nouunet
540 4456 565 4495 m
578 4456 682 4496 oersvu
697 4458 812 4498 rassae.
1049 4441 1156 4495 dicatur
1177 4439 1219 4493 his
1238 4454 1362 4509 regnum,
1386 4439 1433 4508 qui
1455 4440 1671 4507 persecutionem
1693 4442 1834 4512 patiuntur

250 4531 337 4595 Quasi
350 4532 427 4586 modo
444 4534 525 4601 periti
540 4534 665 4603 iulorrtcr.
683 4536 841 4590 rationabile
863 4537 918 4590 riae
937 4538 998 4593 doto
1048 4533 1314 4604 propterjustitiam.
1326 4532 1366 4585 ud
1381 4532 1452 4586 idem
1467 4534 1625 4602 martyrium
1642 4536 1758 4603 pertinet
1768 4535 1835 4590 aitr-

215 4621 257 4673 tec
271 4623 448 4691 concupiscite
464 4622 496 4677 ¹⁸.
513 4621 655 4677 llodiernae
669 4623 721 4677 diei
741 4623 859 4678 officium
875 4625 908 4678 ad
924 4634 999 4679 oeta·
1049 4625 1115 4679 luio.
1134 4625 1195 4678 Post
1211 4625 1267 4677 dies
1280 4633 1348 4677 octo.
1363 4621 1493 4679 lutroitus
1506 4639 1581 4688 vero,
1599 4624 1682 4689 Quasi
1700 4626 1776 4679 modo
1788 4643 1833 4695 qe·

214 4728 277 4767 vam
289 4713 522 4784 pertinetqnidem
534 4715 738 4781 beatitudinem,
750 4725 883 4785 quaeest:
901 4716 996 4772 «Beati
1050 4718 1111 4782 niti,
1140 4732 1189 4785 per
1222 4724 1367 4785 sequentes
1391 4715 1449 4771 dies
1475 4714 1652 4770 hebdomadae
1678 4717 1833 4773 cantandus

214 4804 260 4871 qui
272 4805 490 4872 persecutionem
501 4806 642 4874 patiuntur
653 4816 761 4876 propter
770 4807 915 4876 justitiam,
929 4824 998 4878 quo·
1013 4779 1107 4876 1'est3
1126 4809 1199 4879 quod
1214 4813 1295 4863 etiam
1314 4808 1440 4878 congruit
1453 4805 1600 4877 Evangelio
1611 4822 1660 4876 per
1674 4808 1755 4863 aliam
1770 4826 1834 4866 scn-

214 4895 288 4947 triam
304 4893 426 4964 ipsorum
443 4905 484 4950 est
508 4911 620 4965 regnum
646 4897 776 4952 coelorom
793 4899 824 4964 ¹⁸,
846 4914 916 4969 quae,
932 4900 996 4969 quia
1049 4904 1181 4967 tentiam,
1196 4918 1277 4972 quam
1294 4900 1425 4955 Dominus
1440 4899 1474 4954 dc
1488 4898 1588 4956 tuturis
1599 4900 1730 4957 tidelibus'
1742 4903 1835 4973 prole-

177 5027 180 5031 .
213 4985 285 5040 redit
295 4987 329 5041 ad
342 4997 424 5056 eaput
435 4988 564 5058 primum,
579 4989 672 5043 eadem
685 4998 737 5054 est,
752 5005 813 5058 qum
825 4993 922 5060 prima,
936 4993 997 5046 ideo
1048 5008 1112 5046 rens
1126 4993 1153 5045 in
1177 4990 1323 5061 Evangelio
1338 5008 1345 5043 ι
1362 4990 1451 5056 Beati,
1466 4990 1565 5060 inquit,
1578 4993 1623 5061 qui
1639 5007 1691 5046 arou
1713 4993 1833 5059 uiderunt

213 5080 285 5132 idem
301 5076 360 5132 lere
373 5088 499 5134 cantatur
512 5079 640 5135 officium.
657 5078 850 5134 Verumtamen
864 5089 891 5134 et
901 5081 997 5150 paulu·
1047 5094 1073 5138 et
1085 5083 1254 5136 crediderunt
1265 5083 1298 5146 ¹¹,
1314 5081 1360 5136 ubi
1373 5081 1466 5140 lidesa
1482 5082 1597 5138 Domino
1613 5085 1834 5153 commendatur,

211 5172 269 5225 lum
285 5169 387 5236 differt,
409 5186 443 5224 eo
467 5172 539 5241 quod
563 5169 684 5240 ejusdem
707 5171 879 5226 beatitudinis
902 5173 953 5226 alia
969 5174 996 5226 in
1048 5174 1094 5229 sed
1111 5189 1146 5228 ne
1160 5175 1245 5228 solam
1261 5173 1342 5228 fidem
1358 5175 1438 5231 rvobis
1453 5173 1575 5230 snhreere
1585 5186 1752 5245 putaremus,
1765 5192 1834 5247 praa-
1892 5203 1894 5205 >

210 5262 311 5330 prima,
328 5259 381 5314 alia
399 5261 427 5313 in
449 5260 500 5315 hac
515 5261 608 5315 ultitua
624 5276 706 5316 eausa
725 5270 854 5329 trotatur3
871 5263 908 5316 ihi
924 5264 998 5317 enim
1046 5267 1149 5321 libatur
1164 5267 1244 5320 nobis
1260 5266 1286 5318 in
1304 5266 1416 5320 introitu
1432 5268 1525 5337 regula
1541 5269 1659 5333 visendi,
1672 5278 1702 5323 ut
1721 5269 1834 5325 bauria-

212 5349 355 5406 humilitas
364 5365 427 5404 eum
438 5350 556 5404 dicitur:
571 5369 580 5401 ι
595 5350 670 5404 beati
682 5366 814 5420 pauperes
825 5352 921 5420 spiritu
931 5351 969 5417 ¹‘;
984 5372 993 5403 r
1050 5374 1112 5413 mus
1136 5358 1177 5412 120
1194 5359 1324 5414 (memma
1347 5359 1381 5416 qe
1406 5359 1536 5415 uberibus
1560 5359 1710 5415 squamis
1734 5362 1767 5427 n,
1791 5362 1833 5416 vel

208 5443 256 5499 hic
271 5458 337 5498 vero
352 5443 511 5514 nrartyrium
533 5459 595 5499 eum
617 5444 718 5499 dieitur
734 5463 741 5498 :
759 5463 768 5495 ι
787 5443 859 5497 Beati
875 5445 920 5513 qni
935 5460 996 5513 per·
1049 5451 1144 5503 matris
1156 5449 1293 5515 Ecclesiae,
1310 5450 1369 5505 sine
1380 5444 1434 5519 qua
1451 5452 1518 5505 tides
1533 5460 1640 5504 mortua
1654 5459 1697 5504 est
1711 5450 1744 5504 ¹³.
1761 5449 1833 5507 lluie

210 5537 381 5588 mentionem
397 5537 537 5604 patiuntur
555 5535 588 5588 ¹¹.
604 5554 614 5586 ι
632 5535 670 5590 Ue
682 5550 737 5606 quo
753 5535 883 5605 ritartyrio
896 5536 996 5590 dicitur
1049 5544 1189 5596 sententiar.
1203 5555 1336 5598 consonat
1352 5554 1472 5597 extrema
1494 5544 1627 5613 particula
1653 5546 1834 5615 precedentis

209 5627 236 5681 iu
251 5623 402 5699 Evangelio
423 5629 444 5661 ¹⁸
467 5628 634 5695 Gemesaet,
661 5628 734 5697 quod
754 5627 859 5680 loribus
882 5628 994 5691 clausis,
1047 5632 1184 5703 Epistola,
1201 5637 1327 5691 seilicet:
1348 5654 1357 5686 ι
1375 5636 1426 5702 Qut
1451 5637 1537 5692 credit
1553 5637 1578 5690 in
1597 5635 1695 5692 Filium
1714 5637 1763 5693 Dei
1779 5640 1832 5694 ha-

208 5721 354 5790 diseipulis
367 5721 440 5776 intus
455 5721 629 5776 manentibus
643 5731 754 5790 propter
775 5730 875 5774 metum
887 5719 994 5774 hruao-
1047 5727 1092 5779 bet
1106 5727 1291 5781 testintoniotn
1307 5726 1353 5780 Dei
1368 5728 1394 5780 iu
1407 5742 1436 5780 se
1448 5727 1480 5780 ἰ.
1499 5746 1508 5778 ι
1524 5726 1654 5781 Similiter
1668 5738 1695 5782 et
1707 5742 1833 5784 commu·

243 5861 264 5892 ¹¹
285 5857 355 5914 Gen.
380 5858 407 5912 ὅ.
447 5856 558 5912 ”Psah
589 5856 632 5911 tt.
672 5856 843 5913 ”lueis
883 5859 1072 5920 ¹⁸chtr.2.
1113 5866 1246 5926 ¹⁸ttauh.
1278 5871 1305 5925 5.
1345 5869 1366 5899 ¹‘
1394 5868 1462 5925 lhid.
1499 5873 1519 5904 ¹*
1539 5870 1606 5924 ibid.
1646 5868 1828 5927 etormet.

210 5929 347 5986 ’ttatue
369 5930 395 5984 5.
434 5927 581 5981 etthan.
603 5931 629 5982 5.
667 5929 858 5984 '¹ioanat‘t.
897 5930 989 5988 ⁸¹lsa‚
1011 5935 1053 5991 tt.
1094 5936 1229 5994 ”lucz
1266 5938 1453 5998 'eltutus
1487 5994 1490 5998 .

369 6025 502 6085 l‘uraot.
527 6023 663 6086 ccxht.
1082 6099 1096 6132 a
1636 6037 1692 6124 li⁸
