<?xml version="1.0" encoding="UTF-8"?>
<!DOCTYPE html PUBLIC "-//W3C//DTD XHTML 1.0 Transitional//EN"
    "http://www.w3.org/TR/xhtml1/DTD/xhtml1-transitional.dtd">
<html xmlns="http://www.w3.org/1999/xhtml" xml:lang="en" lang="en">
 <head>
  <title>
</title>
<meta http-equiv="Content-Type" content="text/html;charset=utf-8" />
  <meta name='ocr-system' content='tesseract 3.04.00' />
  <meta name='ocr-capabilities' content='ocr_page ocr_carea ocr_par ocr_line ocrx_word'/>
</head>
<body>
  <div class='ocr_page' id='page_1' title='image "./patrologiaecurs78unkngoog_0081.png"; bbox 0 0 4350 6709; ppageno 0'>
   <div class='ocr_carea' id='block_1_1' title="bbox 914 427 921 461">
    <p class='ocr_par' dir='ltr' id='par_1_1' title="bbox 914 427 921 461">
     <span class='ocr_line' id='line_1_1' title="bbox 914 427 921 461; baseline 0 0"><span class='ocrx_word' id='word_1_1' title='bbox 914 427 921 461; x_wconf 79' lang='lat' dir='ltr'>i</span> 
     </span>
    </p>
   </div>
   <div class='ocr_carea' id='block_1_2' title="bbox 275 555 1895 620">
    <p class='ocr_par' dir='ltr' id='par_1_2' title="bbox 275 555 1895 620">
     <span class='ocr_line' id='line_1_2' title="bbox 275 555 1895 620; baseline 0.003 -5"><span class='ocrx_word' id='word_1_2' title='bbox 275 558 329 619; x_wconf 67' lang='grc'>153</span> <span class='ocrx_word' id='word_1_3' title='bbox 898 555 1062 612; x_wconf 79' lang='lat' dir='ltr'>uttattu.</span> <span class='ocrx_word' id='word_1_4' title='bbox 1082 585 1119 599; x_wconf 92' lang='lat'>-</span> <span class='ocrx_word' id='word_1_5' title='bbox 1136 555 1201 614; x_wconf 74' lang='grc' dir='ltr'>ΗΒ.</span> <span class='ocrx_word' id='word_1_6' title='bbox 1222 557 1266 614; x_wconf 83' lang='lat' dir='ltr'>lt&#39;.</span> <span class='ocrx_word' id='word_1_7' title='bbox 1842 564 1895 620; x_wconf 72' lang='lat' dir='ltr'>lbi</span> 
     </span>
    </p>
   </div>
   <div class='ocr_carea' id='block_1_3' title="bbox 246 670 1915 5835">
    <p class='ocr_par' dir='ltr' id='par_1_3' title="bbox 274 670 1902 1757">
     <span class='ocr_line' id='line_1_3' title="bbox 274 670 1896 750; baseline 0.003 -21"><span class='ocrx_word' id='word_1_8' title='bbox 274 681 354 738; x_wconf 66' lang='lat' dir='ltr'>mat</span> <span class='ocrx_word' id='word_1_9' title='bbox 369 671 482 730; x_wconf 86' lang='lat' dir='ltr'>animos</span> <span class='ocrx_word' id='word_1_10' title='bbox 495 673 530 728; x_wconf 88' lang='lat' dir='ltr'>ab</span> <span class='ocrx_word' id='word_1_11' title='bbox 548 672 661 729; x_wconf 82' lang='lat' dir='ltr'>astibus</span> <span class='ocrx_word' id='word_1_12' title='bbox 674 673 817 729; x_wconf 91' lang='lat' dir='ltr'>vitiorum.</span> <span class='ocrx_word' id='word_1_13' title='bbox 827 670 900 727; x_wconf 85' lang='lat' dir='ltr'>Niltil</span> <span class='ocrx_word' id='word_1_14' title='bbox 922 672 1008 739; x_wconf 79' lang='lat' dir='ltr'>magis</span> <span class='ocrx_word' id='word_1_15' title='bbox 1026 672 1102 733; x_wconf 61' lang='grc' dir='ltr'>ἰπὶ-Α</span> <span class='ocrx_word' id='word_1_16' title='bbox 1118 673 1214 728; x_wconf 87' lang='lat' dir='ltr'>saltem</span> <span class='ocrx_word' id='word_1_17' title='bbox 1241 674 1302 744; x_wconf 82' lang='lat' dir='ltr'>ejus</span> <span class='ocrx_word' id='word_1_18' title='bbox 1321 676 1454 746; x_wconf 82' lang='lat' dir='ltr'>particula</span> <span class='ocrx_word' id='word_1_19' title='bbox 1483 696 1489 731; x_wconf 82' lang='lat' dir='ltr'>z</span> <span class='ocrx_word' id='word_1_20' title='bbox 1518 677 1545 733; x_wconf 95' lang='lat' dir='ltr'>in</span> <span class='ocrx_word' id='word_1_21' title='bbox 1569 693 1623 749; x_wconf 92' lang='lat' dir='ltr'>quo</span> <span class='ocrx_word' id='word_1_22' title='bbox 1648 677 1763 734; x_wconf 82' lang='lat' dir='ltr'>solvitur</span> <span class='ocrx_word' id='word_1_23' title='bbox 1780 680 1896 750; x_wconf 74' lang='lat' dir='ltr'>questio</span> 
     </span>
     <span class='ocr_line' id='line_1_4' title="bbox 276 762 1896 842; baseline 0.004 -20"><span class='ocrx_word' id='word_1_24' title='bbox 276 768 347 823; x_wconf 80' lang='lat' dir='ltr'>vitat</span> <span class='ocrx_word' id='word_1_25' title='bbox 368 767 483 822; x_wconf 81' lang='lat' dir='ltr'>eosdem</span> <span class='ocrx_word' id='word_1_26' title='bbox 498 766 531 823; x_wconf 88' lang='lat' dir='ltr'>ad</span> <span class='ocrx_word' id='word_1_27' title='bbox 548 766 685 838; x_wconf 74' lang='lat' dir='ltr'>praeconia</span> <span class='ocrx_word' id='word_1_28' title='bbox 707 766 888 835; x_wconf 81' lang='lat' dir='ltr'>superiorum.</span> <span class='ocrx_word' id='word_1_29' title='bbox 905 762 982 818; x_wconf 83' lang='lat' dir='ltr'>llunc</span> <span class='ocrx_word' id='word_1_30' title='bbox 996 779 1062 817; x_wconf 90' lang='lat' dir='ltr'>can·</span> <span class='ocrx_word' id='word_1_31' title='bbox 1114 767 1218 821; x_wconf 90' lang='lat' dir='ltr'>musica</span> <span class='ocrx_word' id='word_1_32' title='bbox 1230 768 1264 822; x_wconf 90' lang='lat' dir='ltr'>dc</span> <span class='ocrx_word' id='word_1_33' title='bbox 1279 783 1358 824; x_wconf 90' lang='lat' dir='ltr'>versu</span> <span class='ocrx_word' id='word_1_34' title='bbox 1374 770 1485 824; x_wconf 89' lang='lat' dir='ltr'>secundi</span> <span class='ocrx_word' id='word_1_35' title='bbox 1502 772 1571 835; x_wconf 86' lang='lat' dir='ltr'>toni,</span> <span class='ocrx_word' id='word_1_36' title='bbox 1586 773 1632 842; x_wconf 89' lang='lat' dir='ltr'>qui</span> <span class='ocrx_word' id='word_1_37' title='bbox 1646 772 1808 827; x_wconf 85' lang='lat' dir='ltr'>terminatur</span> <span class='ocrx_word' id='word_1_38' title='bbox 1820 773 1847 828; x_wconf 92' lang='lat' dir='ltr'>in</span> <span class='ocrx_word' id='word_1_39' title='bbox 1863 773 1896 841; x_wconf 82' lang='lat' dir='ltr'>C,</span> 
     </span>
     <span class='ocr_line' id='line_1_5' title="bbox 276 856 1895 934; baseline 0.006 -21"><span class='ocrx_word' id='word_1_40' title='bbox 276 866 335 922; x_wconf 84' lang='lat' dir='ltr'>tam</span> <span class='ocrx_word' id='word_1_41' title='bbox 350 856 477 930; x_wconf 86' lang='lat' dir='ltr'>ignatius</span> <span class='ocrx_word' id='word_1_42' title='bbox 490 858 677 915; x_wconf 83' lang='lat' dir='ltr'>Antioclrenus</span> <span class='ocrx_word' id='word_1_43' title='bbox 691 859 806 914; x_wconf 74' lang='lat' dir='ltr'>eliorum</span> <span class='ocrx_word' id='word_1_44' title='bbox 830 856 989 926; x_wconf 85' lang='lat' dir='ltr'>angelorum</span> <span class='ocrx_word' id='word_1_45' title='bbox 1014 871 1063 910; x_wconf 87' lang='lat' dir='ltr'>an-</span> <span class='ocrx_word' id='word_1_46' title='bbox 1114 872 1176 912; x_wconf 90' lang='lat' dir='ltr'>cnm</span> <span class='ocrx_word' id='word_1_47' title='bbox 1189 860 1326 917; x_wconf 87' lang='lat' dir='ltr'>secundus</span> <span class='ocrx_word' id='word_1_48' title='bbox 1340 876 1447 932; x_wconf 80' lang='lat' dir='ltr'>semper</span> <span class='ocrx_word' id='word_1_49' title='bbox 1460 863 1486 918; x_wconf 92' lang='lat' dir='ltr'>in</span> <span class='ocrx_word' id='word_1_50' title='bbox 1503 862 1536 928; x_wconf 74' lang='lat' dir='ltr'>l),</span> <span class='ocrx_word' id='word_1_51' title='bbox 1558 872 1586 918; x_wconf 93' lang='lat' dir='ltr'>et</span> <span class='ocrx_word' id='word_1_52' title='bbox 1609 863 1727 919; x_wconf 81' lang='lat' dir='ltr'>dicimus</span> <span class='ocrx_word' id='word_1_53' title='bbox 1751 865 1823 934; x_wconf 92' lang='lat' dir='ltr'>quod</span> <span class='ocrx_word' id='word_1_54' title='bbox 1839 880 1895 922; x_wconf 91' lang='lat' dir='ltr'>non</span> 
     </span>
     <span class='ocr_line' id='line_1_6' title="bbox 277 949 1898 1026; baseline -0.001 -17"><span class='ocrx_word' id='word_1_55' title='bbox 277 952 344 1009; x_wconf 86' lang='lat' dir='ltr'>divit</span> <span class='ocrx_word' id='word_1_56' title='bbox 359 952 391 1007; x_wconf 88' lang='lat' dir='ltr'>in</span> <span class='ocrx_word' id='word_1_57' title='bbox 417 953 576 1009; x_wconf 85' lang='lat' dir='ltr'>coelestibns</span> <span class='ocrx_word' id='word_1_58' title='bbox 603 952 757 1019; x_wconf 87' lang='lat' dir='ltr'>alternare;</span> <span class='ocrx_word' id='word_1_59' title='bbox 776 951 892 1022; x_wconf 89' lang='lat' dir='ltr'>ideoque</span> <span class='ocrx_word' id='word_1_60' title='bbox 919 949 960 1006; x_wconf 88' lang='lat' dir='ltr'>sic</span> <span class='ocrx_word' id='word_1_61' title='bbox 985 964 1063 1005; x_wconf 84' lang='lat' dir='ltr'>suam</span> <span class='ocrx_word' id='word_1_62' title='bbox 1114 957 1157 1004; x_wconf 86' lang='lat' dir='ltr'>est</span> <span class='ocrx_word' id='word_1_63' title='bbox 1174 950 1300 1015; x_wconf 83' lang='lat' dir='ltr'>ibidnis,</span> <span class='ocrx_word' id='word_1_64' title='bbox 1316 952 1404 1006; x_wconf 90' lang='lat' dir='ltr'>sedin</span> <span class='ocrx_word' id='word_1_65' title='bbox 1422 953 1583 1022; x_wconf 70' lang='lat' dir='ltr'>repetitione</span> <span class='ocrx_word' id='word_1_66' title='bbox 1609 954 1793 1023; x_wconf 88' lang='lat' dir='ltr'>responsorii,</span> <span class='ocrx_word' id='word_1_67' title='bbox 1815 970 1898 1026; x_wconf 82' lang='lat' dir='ltr'>quern</span> 
     </span>
     <span class='ocr_line' id='line_1_7' title="bbox 278 1041 1897 1115; baseline 0.002 -15"><span class='ocrx_word' id='word_1_68' title='bbox 278 1041 426 1100; x_wconf 54' lang='lat' dir='ltr'>Mam</span> <span class='ocrx_word' id='word_1_69' title='bbox 442 1044 600 1099; x_wconf 73' lang='lat' dir='ltr'>alternatim</span> <span class='ocrx_word' id='word_1_70' title='bbox 625 1050 737 1098; x_wconf 86' lang='lat' dir='ltr'>cantare</span> <span class='ocrx_word' id='word_1_71' title='bbox 750 1042 843 1098; x_wconf 90' lang='lat' dir='ltr'>docuit</span> <span class='ocrx_word' id='word_1_72' title='bbox 865 1053 893 1097; x_wconf 89' lang='lat' dir='ltr'>et</span> <span class='ocrx_word' id='word_1_73' title='bbox 906 1041 940 1096; x_wconf 92' lang='lat' dir='ltr'>ab</span> <span class='ocrx_word' id='word_1_74' title='bbox 954 1055 987 1096; x_wconf 90' lang='lat' dir='ltr'>eo</span> <span class='ocrx_word' id='word_1_75' title='bbox 1007 1050 1064 1096; x_wconf 89' lang='lat' dir='ltr'>tota</span> <span class='ocrx_word' id='word_1_76' title='bbox 1115 1051 1226 1098; x_wconf 87' lang='lat' dir='ltr'>cantum</span> <span class='ocrx_word' id='word_1_77' title='bbox 1240 1043 1403 1099; x_wconf 86' lang='lat' dir='ltr'>Ambrosius</span> <span class='ocrx_word' id='word_1_78' title='bbox 1417 1045 1507 1114; x_wconf 93' lang='lat' dir='ltr'>primo</span> <span class='ocrx_word' id='word_1_79' title='bbox 1518 1045 1691 1115; x_wconf 91' lang='lat' dir='ltr'>composuit,</span> <span class='ocrx_word' id='word_1_80' title='bbox 1706 1053 1732 1099; x_wconf 88' lang='lat' dir='ltr'>et</span> <span class='ocrx_word' id='word_1_81' title='bbox 1746 1046 1782 1101; x_wconf 89' lang='lat' dir='ltr'>ab</span> <span class='ocrx_word' id='word_1_82' title='bbox 1795 1061 1829 1102; x_wconf 89' lang='lat' dir='ltr'>eo</span> <span class='ocrx_word' id='word_1_83' title='bbox 1841 1056 1897 1104; x_wconf 89' lang='lat' dir='ltr'>tota</span> 
     </span>
     <span class='ocr_line' id='line_1_8' title="bbox 278 1130 1898 1209; baseline 0.001 -16"><span class='ocrx_word' id='word_1_84' title='bbox 278 1134 405 1193; x_wconf 74' lang='lat' dir='ltr'>Ecclesia</span> <span class='ocrx_word' id='word_1_85' title='bbox 434 1134 586 1191; x_wconf 88' lang='lat' dir='ltr'>alternandi</span> <span class='ocrx_word' id='word_1_86' title='bbox 619 1134 734 1190; x_wconf 88' lang='lat' dir='ltr'>iormam</span> <span class='ocrx_word' id='word_1_87' title='bbox 763 1130 876 1202; x_wconf 87' lang='lat' dir='ltr'>accepit.</span> <span class='ocrx_word' id='word_1_88' title='bbox 908 1131 1064 1202; x_wconf 80' lang='lat' dir='ltr'>Antiphone</span> <span class='ocrx_word' id='word_1_89' title='bbox 1116 1131 1239 1190; x_wconf 74' lang='lat' dir='ltr'>Ecclesia</span> <span class='ocrx_word' id='word_1_90' title='bbox 1258 1133 1374 1192; x_wconf 89' lang='lat' dir='ltr'>lormam</span> <span class='ocrx_word' id='word_1_91' title='bbox 1397 1137 1510 1207; x_wconf 88' lang='lat' dir='ltr'>accepit.</span> <span class='ocrx_word' id='word_1_92' title='bbox 1535 1135 1597 1192; x_wconf 83' lang='lat' dir='ltr'>llaec</span> <span class='ocrx_word' id='word_1_93' title='bbox 1613 1137 1705 1192; x_wconf 90' lang='lat' dir='ltr'>omnia</span> <span class='ocrx_word' id='word_1_94' title='bbox 1726 1152 1788 1193; x_wconf 91' lang='lat' dir='ltr'>eum</span> <span class='ocrx_word' id='word_1_95' title='bbox 1810 1140 1898 1209; x_wconf 79' lang='lat' dir='ltr'>gloria</span> 
     </span>
     <span class='ocr_line' id='line_1_9' title="bbox 279 1223 1898 1300; baseline 0.002 -17"><span class='ocrx_word' id='word_1_96' title='bbox 279 1237 341 1290; x_wconf 87' lang='lat' dir='ltr'>ante</span> <span class='ocrx_word' id='word_1_97' title='bbox 370 1226 513 1298; x_wconf 88' lang='lat' dir='ltr'>psalmum</span> <span class='ocrx_word' id='word_1_98' title='bbox 539 1225 668 1295; x_wconf 90' lang='lat' dir='ltr'>incipitur</span> <span class='ocrx_word' id='word_1_99' title='bbox 689 1225 724 1280; x_wconf 85' lang='lat' dir='ltr'>ab</span> <span class='ocrx_word' id='word_1_100' title='bbox 744 1240 822 1293; x_wconf 88' lang='lat' dir='ltr'>uno,</span> <span class='ocrx_word' id='word_1_101' title='bbox 840 1235 867 1281; x_wconf 90' lang='lat' dir='ltr'>et</span> <span class='ocrx_word' id='word_1_102' title='bbox 884 1224 919 1280; x_wconf 92' lang='lat' dir='ltr'>ab</span> <span class='ocrx_word' id='word_1_103' title='bbox 937 1223 1065 1280; x_wconf 89' lang='lat' dir='ltr'>omnibus</span> <span class='ocrx_word' id='word_1_104' title='bbox 1116 1227 1306 1284; x_wconf 82' lang='lat' dir='ltr'>concludimus</span> <span class='ocrx_word' id='word_1_105' title='bbox 1320 1238 1348 1285; x_wconf 89' lang='lat' dir='ltr'>ct</span> <span class='ocrx_word' id='word_1_106' title='bbox 1361 1231 1552 1297; x_wconf 87' lang='lat' dir='ltr'>terminamus,</span> <span class='ocrx_word' id='word_1_107' title='bbox 1566 1245 1600 1285; x_wconf 87' lang='lat' dir='ltr'>co</span> <span class='ocrx_word' id='word_1_108' title='bbox 1614 1229 1688 1300; x_wconf 93' lang='lat' dir='ltr'>quod</span> <span class='ocrx_word' id='word_1_109' title='bbox 1705 1231 1798 1286; x_wconf 86' lang='lat' dir='ltr'>omnia</span> <span class='ocrx_word' id='word_1_110' title='bbox 1820 1231 1853 1286; x_wconf 90' lang='lat' dir='ltr'>ad</span> <span class='ocrx_word' id='word_1_111' title='bbox 1865 1232 1898 1287; x_wconf 89' lang='lat' dir='ltr'>li·</span> 
     </span>
     <span class='ocr_line' id='line_1_10' title="bbox 278 1315 1901 1393; baseline 0.001 -16"><span class='ocrx_word' id='word_1_112' title='bbox 278 1321 465 1386; x_wconf 60' lang='lat' dir='ltr'>terminatum</span> <span class='ocrx_word' id='word_1_113' title='bbox 480 1317 545 1390; x_wconf 92' lang='lat' dir='ltr'>quia</span> <span class='ocrx_word' id='word_1_114' title='bbox 560 1318 633 1375; x_wconf 79' lang='lat' dir='ltr'>Deus</span> <span class='ocrx_word' id='word_1_115' title='bbox 650 1318 726 1388; x_wconf 91' lang='lat' dir='ltr'>prius</span> <span class='ocrx_word' id='word_1_116' title='bbox 739 1315 836 1373; x_wconf 79' lang='lat' dir='ltr'>dilexit</span> <span class='ocrx_word' id='word_1_117' title='bbox 848 1331 910 1385; x_wconf 88' lang='lat' dir='ltr'>noa,</span> <span class='ocrx_word' id='word_1_118' title='bbox 925 1316 1004 1387; x_wconf 85' lang='lat' dir='ltr'>cujus</span> <span class='ocrx_word' id='word_1_119' title='bbox 1023 1315 1066 1370; x_wconf 88' lang='lat' dir='ltr'>di-</span> <span class='ocrx_word' id='word_1_120' title='bbox 1117 1317 1178 1375; x_wconf 87' lang='lat' dir='ltr'>dem</span> <span class='ocrx_word' id='word_1_121' title='bbox 1193 1328 1220 1375; x_wconf 93' lang='lat' dir='ltr'>et</span> <span class='ocrx_word' id='word_1_122' title='bbox 1232 1320 1345 1392; x_wconf 88' lang='lat' dir='ltr'>gloriam</span> <span class='ocrx_word' id='word_1_123' title='bbox 1360 1318 1503 1376; x_wconf 70' lang='lat' dir='ltr'>Trinitatis</span> <span class='ocrx_word' id='word_1_124' title='bbox 1515 1319 1679 1389; x_wconf 55' lang='lat' dir='ltr'>celerinum</span> <span class='ocrx_word' id='word_1_125' title='bbox 1706 1328 1733 1376; x_wconf 92' lang='lat' dir='ltr'>et</span> <span class='ocrx_word' id='word_1_126' title='bbox 1753 1322 1815 1378; x_wconf 89' lang='lat' dir='ltr'>vide</span> <span class='ocrx_word' id='word_1_127' title='bbox 1834 1323 1901 1393; x_wconf 91' lang='lat' dir='ltr'>quia</span> 
     </span>
     <span class='ocr_line' id='line_1_11' title="bbox 279 1405 1902 1484; baseline 0.002 -20"><span class='ocrx_word' id='word_1_128' title='bbox 279 1410 394 1472; x_wconf 68' lang='lat' dir='ltr'>baiani</span> <span class='ocrx_word' id='word_1_129' title='bbox 407 1409 712 1481; x_wconf 87' lang='lat' dir='ltr'>responderedebemus</span> <span class='ocrx_word' id='word_1_130' title='bbox 723 1408 757 1463; x_wconf 83' lang='lat'>¹⁸.</span> <span class='ocrx_word' id='word_1_131' title='bbox 774 1405 839 1464; x_wconf 89' lang='lat' dir='ltr'>ltem</span> <span class='ocrx_word' id='word_1_132' title='bbox 854 1417 917 1463; x_wconf 88' lang='lat' dir='ltr'>ante</span> <span class='ocrx_word' id='word_1_133' title='bbox 930 1407 1067 1478; x_wconf 84' lang='lat' dir='ltr'>psalmum</span> <span class='ocrx_word' id='word_1_134' title='bbox 1117 1409 1191 1482; x_wconf 92' lang='lat' dir='ltr'>quod</span> <span class='ocrx_word' id='word_1_135' title='bbox 1211 1427 1267 1467; x_wconf 92' lang='lat' dir='ltr'>uno</span> <span class='ocrx_word' id='word_1_136' title='bbox 1284 1413 1459 1484; x_wconf 86' lang='lat' dir='ltr'>responsorio</span> <span class='ocrx_word' id='word_1_137' title='bbox 1472 1411 1648 1482; x_wconf 68' lang='lat' dir='ltr'>praecinente,</span> <span class='ocrx_word' id='word_1_138' title='bbox 1663 1413 1765 1469; x_wconf 88' lang='lat' dir='ltr'>chorus</span> <span class='ocrx_word' id='word_1_139' title='bbox 1786 1427 1902 1469; x_wconf 90' lang='lat' dir='ltr'>concor·</span> 
     </span>
     <span class='ocr_line' id='line_1_12' title="bbox 279 1499 1902 1575; baseline 0.002 -19"><span class='ocrx_word' id='word_1_140' title='bbox 279 1499 424 1571; x_wconf 88' lang='lat' dir='ltr'>incipitur,</span> <span class='ocrx_word' id='word_1_141' title='bbox 452 1508 515 1572; x_wconf 88' lang='lat' dir='ltr'>post</span> <span class='ocrx_word' id='word_1_142' title='bbox 533 1500 669 1570; x_wconf 88' lang='lat' dir='ltr'>psalmum</span> <span class='ocrx_word' id='word_1_143' title='bbox 690 1507 747 1555; x_wconf 88' lang='lat' dir='ltr'>tota</span> <span class='ocrx_word' id='word_1_144' title='bbox 760 1507 900 1566; x_wconf 65' lang='lat' dir='ltr'>cantatum</span> <span class='ocrx_word' id='word_1_145' title='bbox 922 1499 986 1570; x_wconf 89' lang='lat' dir='ltr'>quia</span> <span class='ocrx_word' id='word_1_146' title='bbox 1001 1507 1068 1554; x_wconf 89' lang='lat' dir='ltr'>tunc</span> <span class='ocrx_word' id='word_1_147' title='bbox 1118 1502 1189 1557; x_wconf 90' lang='lat' dir='ltr'>diter</span> <span class='ocrx_word' id='word_1_148' title='bbox 1204 1503 1342 1574; x_wconf 88' lang='lat' dir='ltr'>aequitnr;</span> <span class='ocrx_word' id='word_1_149' title='bbox 1362 1502 1428 1558; x_wconf 87' lang='lat' dir='ltr'>illud</span> <span class='ocrx_word' id='word_1_150' title='bbox 1444 1502 1543 1559; x_wconf 79' lang='lat' dir='ltr'>narrarit</span> <span class='ocrx_word' id='word_1_151' title='bbox 1558 1504 1631 1575; x_wconf 87' lang='lat' dir='ltr'>quod</span> <span class='ocrx_word' id='word_1_152' title='bbox 1646 1504 1796 1575; x_wconf 79' lang='lat' dir='ltr'>Apostolus</span> <span class='ocrx_word' id='word_1_153' title='bbox 1806 1506 1856 1570; x_wconf 89' lang='lat' dir='ltr'>ait,</span> <span class='ocrx_word' id='word_1_154' title='bbox 1871 1513 1902 1560; x_wconf 87' lang='lat' dir='ltr'>ut</span> 
     </span>
     <span class='ocr_line' id='line_1_13' title="bbox 280 1593 1902 1665; baseline 0.002 -15"><span class='ocrx_word' id='word_1_155' title='bbox 280 1595 340 1659; x_wconf 82' lang='lat' dir='ltr'>iaus</span> <span class='ocrx_word' id='word_1_156' title='bbox 355 1602 468 1662; x_wconf 82' lang='lat' dir='ltr'>nostra,</span> <span class='ocrx_word' id='word_1_157' title='bbox 479 1593 524 1649; x_wconf 84' lang='lat' dir='ltr'>vel</span> <span class='ocrx_word' id='word_1_158' title='bbox 542 1607 625 1663; x_wconf 90' lang='lat' dir='ltr'>opera</span> <span class='ocrx_word' id='word_1_159' title='bbox 645 1593 701 1650; x_wconf 85' lang='lat' dir='ltr'>lieo</span> <span class='ocrx_word' id='word_1_160' title='bbox 724 1595 842 1665; x_wconf 91' lang='lat' dir='ltr'>placent,</span> <span class='ocrx_word' id='word_1_161' title='bbox 855 1595 879 1650; x_wconf 92' lang='lat' dir='ltr'>si</span> <span class='ocrx_word' id='word_1_162' title='bbox 894 1594 1068 1650; x_wconf 83' lang='lat' dir='ltr'>adcretione</span> <span class='ocrx_word' id='word_1_163' title='bbox 1118 1595 1236 1665; x_wconf 87' lang='lat' dir='ltr'>idipsum</span> <span class='ocrx_word' id='word_1_164' title='bbox 1246 1610 1341 1652; x_wconf 91' lang='lat' dir='ltr'>omnes</span> <span class='ocrx_word' id='word_1_165' title='bbox 1353 1597 1488 1663; x_wconf 90' lang='lat' dir='ltr'>dicamus,</span> <span class='ocrx_word' id='word_1_166' title='bbox 1500 1606 1527 1652; x_wconf 86' lang='lat' dir='ltr'>ct</span> <span class='ocrx_word' id='word_1_167' title='bbox 1538 1611 1593 1652; x_wconf 90' lang='lat' dir='ltr'>non</span> <span class='ocrx_word' id='word_1_168' title='bbox 1609 1597 1666 1652; x_wconf 88' lang='lat' dir='ltr'>sint</span> <span class='ocrx_word' id='word_1_169' title='bbox 1684 1597 1711 1651; x_wconf 91' lang='lat' dir='ltr'>in</span> <span class='ocrx_word' id='word_1_170' title='bbox 1726 1597 1806 1653; x_wconf 89' lang='lat' dir='ltr'>nobis</span> <span class='ocrx_word' id='word_1_171' title='bbox 1818 1599 1902 1654; x_wconf 86' lang='lat' dir='ltr'>schis-</span> 
     </span>
     <span class='ocr_line' id='line_1_14' title="bbox 282 1685 1237 1757; baseline -0.003 -12"><span class='ocrx_word' id='word_1_172' title='bbox 282 1687 397 1757; x_wconf 86' lang='lat' dir='ltr'>iucepta</span> <span class='ocrx_word' id='word_1_173' title='bbox 414 1686 443 1741; x_wconf 91' lang='lat' dir='ltr'>in</span> <span class='ocrx_word' id='word_1_174' title='bbox 456 1685 612 1742; x_wconf 88' lang='lat' dir='ltr'>dilectionis</span> <span class='ocrx_word' id='word_1_175' title='bbox 624 1686 821 1756; x_wconf 85' lang='lat' dir='ltr'>plenitudinem</span> <span class='ocrx_word' id='word_1_176' title='bbox 841 1687 1012 1753; x_wconf 85' lang='lat' dir='ltr'>terminatur,</span> <span class='ocrx_word' id='word_1_177' title='bbox 1024 1686 1067 1742; x_wconf 86' lang='lat' dir='ltr'>rel</span> <span class='ocrx_word' id='word_1_178' title='bbox 1119 1695 1192 1743; x_wconf 91' lang='lat' dir='ltr'>mala</span> <span class='ocrx_word' id='word_1_179' title='bbox 1204 1687 1237 1742; x_wconf 80' lang='lat'>”.</span> 
     </span>
    </p>

    <p class='ocr_par' dir='ltr' id='par_1_4' title="bbox 281 1777 1593 1849">
     <span class='ocr_line' id='line_1_15' title="bbox 281 1777 1593 1849; baseline 0.004 -16"><span class='ocrx_word' id='word_1_180' title='bbox 281 1779 345 1849; x_wconf 84' lang='lat' dir='ltr'>qnia</span> <span class='ocrx_word' id='word_1_181' title='bbox 357 1778 482 1835; x_wconf 84' lang='lat' dir='ltr'>charitas</span> <span class='ocrx_word' id='word_1_182' title='bbox 494 1778 540 1833; x_wconf 82' lang='lat' dir='ltr'>laic</span> <span class='ocrx_word' id='word_1_183' title='bbox 553 1777 695 1845; x_wconf 89' lang='lat' dir='ltr'>initiatur,</span> <span class='ocrx_word' id='word_1_184' title='bbox 716 1778 743 1833; x_wconf 91' lang='lat' dir='ltr'>in</span> <span class='ocrx_word' id='word_1_185' title='bbox 756 1778 849 1835; x_wconf 89' lang='lat' dir='ltr'>luturo</span> <span class='ocrx_word' id='word_1_186' title='bbox 862 1779 1067 1835; x_wconf 90' lang='lat' dir='ltr'>consummabi·</span> <span class='ocrx_word' id='word_1_187' title='bbox 1426 1780 1542 1838; x_wconf 77' lang='lat' dir='ltr'>catur</span> <span class='ocrx_word' id='word_1_188' title='bbox 1561 1782 1593 1838; x_wconf 91' lang='grc'>11.</span> 
     </span>
    </p>

    <p class='ocr_par' dir='ltr' id='par_1_5' title="bbox 280 1867 1687 1940">
     <span class='ocr_line' id='line_1_16' title="bbox 280 1867 1687 1940; baseline -0.001 -14"><span class='ocrx_word' id='word_1_189' title='bbox 280 1879 336 1926; x_wconf 77' lang='lat' dir='ltr'>tur.</span> <span class='ocrx_word' id='word_1_190' title='bbox 357 1867 465 1924; x_wconf 74' lang='lat' dir='ltr'>Nettma</span> <span class='ocrx_word' id='word_1_191' title='bbox 476 1869 504 1922; x_wconf 75' lang='lat' dir='ltr'>in</span> <span class='ocrx_word' id='word_1_192' title='bbox 516 1868 570 1924; x_wconf 77' lang='lat' dir='ltr'>fine</span> <span class='ocrx_word' id='word_1_193' title='bbox 586 1868 866 1938; x_wconf 77' lang='lat' dir='ltr'>significatiustorum</span> <span class='ocrx_word' id='word_1_194' title='bbox 883 1868 1011 1940; x_wconf 71' lang='lat' dir='ltr'>gaudium</span> <span class='ocrx_word' id='word_1_195' title='bbox 1027 1869 1069 1922; x_wconf 83' lang='lat' dir='ltr'>itt·</span> <span class='ocrx_word' id='word_1_196' title='bbox 1336 1891 1371 1930; x_wconf 72' lang='lat' dir='ltr'>nn</span> <span class='ocrx_word' id='word_1_197' title='bbox 1390 1892 1512 1931; x_wconf 64' lang='lat' dir='ltr'>resolvis</span> <span class='ocrx_word' id='word_1_198' title='bbox 1528 1892 1687 1932; x_wconf 76' lang='lat' dir='ltr'>nocrnnrtts.</span> 
     </span>
    </p>

    <p class='ocr_par' dir='ltr' id='par_1_6' title="bbox 282 1959 1911 3883">
     <span class='ocr_line' id='line_1_17' title="bbox 282 1959 1905 2039; baseline 0.004 -25"><span class='ocrx_word' id='word_1_199' title='bbox 282 1961 401 2028; x_wconf 61' lang='lat' dir='ltr'>etabile,</span> <span class='ocrx_word' id='word_1_200' title='bbox 413 1959 560 2016; x_wconf 78' lang='lat' dir='ltr'>dilectione</span> <span class='ocrx_word' id='word_1_201' title='bbox 575 1961 616 2017; x_wconf 86' lang='lat' dir='ltr'>vel</span> <span class='ocrx_word' id='word_1_202' title='bbox 629 1960 844 2030; x_wconf 72' lang='lat' dir='ltr'>predicatione,</span> <span class='ocrx_word' id='word_1_203' title='bbox 866 1963 998 2016; x_wconf 90' lang='lat' dir='ltr'>mentium</span> <span class='ocrx_word' id='word_1_204' title='bbox 1020 1961 1068 2016; x_wconf 90' lang='lat' dir='ltr'>de·</span> <span class='ocrx_word' id='word_1_205' title='bbox 1161 1985 1170 2018; x_wconf 80' lang='lat' dir='ltr'>r</span> <span class='ocrx_word' id='word_1_206' title='bbox 1192 1966 1221 2021; x_wconf 82' lang='lat' dir='ltr'>si</span> <span class='ocrx_word' id='word_1_207' title='bbox 1237 1968 1264 2022; x_wconf 92' lang='lat' dir='ltr'>in</span> <span class='ocrx_word' id='word_1_208' title='bbox 1278 1970 1376 2038; x_wconf 88' lang='lat' dir='ltr'>prima,</span> <span class='ocrx_word' id='word_1_209' title='bbox 1391 1978 1417 2024; x_wconf 90' lang='lat' dir='ltr'>et</span> <span class='ocrx_word' id='word_1_210' title='bbox 1433 1970 1564 2036; x_wconf 87' lang='lat' dir='ltr'>secunda,</span> <span class='ocrx_word' id='word_1_211' title='bbox 1575 1979 1601 2024; x_wconf 94' lang='lat' dir='ltr'>et</span> <span class='ocrx_word' id='word_1_212' title='bbox 1613 1971 1691 2025; x_wconf 88' lang='lat' dir='ltr'>tertia</span> <span class='ocrx_word' id='word_1_213' title='bbox 1704 1969 1798 2039; x_wconf 82' lang='lat' dir='ltr'>vigilia</span> <span class='ocrx_word' id='word_1_214' title='bbox 1812 1965 1905 2021; x_wconf 84' lang='lat' dir='ltr'>Domi-</span> 
     </span>
     <span class='ocr_line' id='line_1_18' title="bbox 282 2028 1905 2127; baseline -0.001 -16"><span class='ocrx_word' id='word_1_215' title='bbox 282 2054 412 2120; x_wconf 81' lang='lat' dir='ltr'>votione,</span> <span class='ocrx_word' id='word_1_216' title='bbox 442 2052 505 2108; x_wconf 90' lang='lat' dir='ltr'>lidei</span> <span class='ocrx_word' id='word_1_217' title='bbox 529 2052 722 2123; x_wconf 88' lang='lat' dir='ltr'>amplitudine,</span> <span class='ocrx_word' id='word_1_218' title='bbox 738 2068 852 2126; x_wconf 88' lang='lat' dir='ltr'>operum</span> <span class='ocrx_word' id='word_1_219' title='bbox 875 2051 1068 2119; x_wconf 82' lang='lat' dir='ltr'>exsecutione,</span> <span class='ocrx_word' id='word_1_220' title='bbox 1085 2028 1108 2086; x_wconf 59' lang='grc' dir='ltr'><strong><em>Β</em></strong></span> <span class='ocrx_word' id='word_1_221' title='bbox 1123 2071 1174 2109; x_wconf 82' lang='lat' dir='ltr'>rrvrs</span> <span class='ocrx_word' id='word_1_222' title='bbox 1197 2071 1290 2112; x_wconf 86' lang='lat' dir='ltr'>servos</span> <span class='ocrx_word' id='word_1_223' title='bbox 1310 2058 1455 2127; x_wconf 81' lang='lat' dir='ltr'>vigilantes</span> <span class='ocrx_word' id='word_1_224' title='bbox 1476 2059 1620 2123; x_wconf 83' lang='lat' dir='ltr'>invenerit,</span> <span class='ocrx_word' id='word_1_225' title='bbox 1644 2058 1716 2113; x_wconf 83' lang='lat' dir='ltr'>beati</span> <span class='ocrx_word' id='word_1_226' title='bbox 1740 2068 1805 2113; x_wconf 90' lang='lat' dir='ltr'>sunt</span> <span class='ocrx_word' id='word_1_227' title='bbox 1831 2057 1905 2111; x_wconf 87' lang='lat' dir='ltr'>servi</span> 
     </span>
     <span class='ocr_line' id='line_1_19' title="bbox 286 2146 1906 2218; baseline -0.001 -14"><span class='ocrx_word' id='word_1_228' title='bbox 286 2149 343 2218; x_wconf 90' lang='lat' dir='ltr'>tpei</span> <span class='ocrx_word' id='word_1_229' title='bbox 357 2147 511 2214; x_wconf 85' lang='lat' dir='ltr'>erectione,</span> <span class='ocrx_word' id='word_1_230' title='bbox 526 2147 669 2202; x_wconf 86' lang='lat' dir='ltr'>eharitatis</span> <span class='ocrx_word' id='word_1_231' title='bbox 680 2147 848 2202; x_wconf 75' lang='lat' dir='ltr'>dilatatione.</span> <span class='ocrx_word' id='word_1_232' title='bbox 861 2146 928 2202; x_wconf 83' lang='lat' dir='ltr'>Tres</span> <span class='ocrx_word' id='word_1_233' title='bbox 939 2147 1070 2203; x_wconf 91' lang='lat' dir='ltr'>lectiones</span> <span class='ocrx_word' id='word_1_234' title='bbox 1121 2148 1160 2202; x_wconf 92' lang='lat' dir='ltr'>illi</span> <span class='ocrx_word' id='word_1_235' title='bbox 1172 2147 1204 2201; x_wconf 85' lang='lat'>⁸¹.</span> <span class='ocrx_word' id='word_1_236' title='bbox 1221 2166 1231 2199; x_wconf 78' lang='lat' dir='ltr'>v</span> <span class='ocrx_word' id='word_1_237' title='bbox 1246 2147 1273 2202; x_wconf 94' lang='lat' dir='ltr'>ln</span> <span class='ocrx_word' id='word_1_238' title='bbox 1287 2149 1455 2204; x_wconf 86' lang='lat' dir='ltr'>solemnibus</span> <span class='ocrx_word' id='word_1_239' title='bbox 1472 2165 1536 2204; x_wconf 87' lang='lat' dir='ltr'>vero</span> <span class='ocrx_word' id='word_1_240' title='bbox 1547 2150 1656 2213; x_wconf 90' lang='lat' dir='ltr'>dicbus,</span> <span class='ocrx_word' id='word_1_241' title='bbox 1670 2161 1701 2205; x_wconf 92' lang='lat' dir='ltr'>ut</span> <span class='ocrx_word' id='word_1_242' title='bbox 1716 2148 1866 2204; x_wconf 81' lang='lat' dir='ltr'>[lominicis</span> <span class='ocrx_word' id='word_1_243' title='bbox 1879 2155 1906 2203; x_wconf 90' lang='lat' dir='ltr'>cl</span> 
     </span>
     <span class='ocr_line' id='line_1_20' title="bbox 284 2238 1906 2312; baseline -0.001 -19"><span class='ocrx_word' id='word_1_244' title='bbox 284 2240 418 2309; x_wconf 64' lang='lat' dir='ltr'>legionum</span> <span class='ocrx_word' id='word_1_245' title='bbox 436 2239 501 2310; x_wconf 88' lang='lat' dir='ltr'>quia</span> <span class='ocrx_word' id='word_1_246' title='bbox 514 2248 569 2295; x_wconf 89' lang='lat' dir='ltr'>tres</span> <span class='ocrx_word' id='word_1_247' title='bbox 580 2239 687 2310; x_wconf 89' lang='lat' dir='ltr'>vigilias</span> <span class='ocrx_word' id='word_1_248' title='bbox 701 2239 793 2309; x_wconf 91' lang='lat' dir='ltr'>posuit</span> <span class='ocrx_word' id='word_1_249' title='bbox 802 2238 944 2305; x_wconf 83' lang='lat' dir='ltr'>Dominus,</span> <span class='ocrx_word' id='word_1_250' title='bbox 955 2239 1048 2295; x_wconf 90' lang='lat' dir='ltr'>dicens</span> <span class='ocrx_word' id='word_1_251' title='bbox 1061 2259 1068 2295; x_wconf 92' lang='lat'>:</span> <span class='ocrx_word' id='word_1_252' title='bbox 1122 2242 1194 2307; x_wconf 87' lang='lat' dir='ltr'>aliis,</span> <span class='ocrx_word' id='word_1_253' title='bbox 1211 2241 1300 2296; x_wconf 77' lang='lat' dir='ltr'>noctis</span> <span class='ocrx_word' id='word_1_254' title='bbox 1311 2242 1428 2296; x_wconf 84' lang='lat' dir='ltr'>odicium</span> <span class='ocrx_word' id='word_1_255' title='bbox 1443 2256 1493 2312; x_wconf 93' lang='lat' dir='ltr'>per</span> <span class='ocrx_word' id='word_1_256' title='bbox 1517 2250 1572 2298; x_wconf 87' lang='lat' dir='ltr'>tres</span> <span class='ocrx_word' id='word_1_257' title='bbox 1587 2252 1738 2296; x_wconf 90' lang='lat' dir='ltr'>nocturnus</span> <span class='ocrx_word' id='word_1_258' title='bbox 1760 2241 1906 2310; x_wconf 87' lang='lat' dir='ltr'>distingui·</span> 
     </span>
     <span class='ocr_line' id='line_1_21' title="bbox 289 2329 1904 2401; baseline -0.001 -16"><span class='ocrx_word' id='word_1_259' title='bbox 289 2331 347 2386; x_wconf 73' lang='lat' dir='ltr'>«si</span> <span class='ocrx_word' id='word_1_260' title='bbox 376 2331 406 2386; x_wconf 91' lang='lat' dir='ltr'>in</span> <span class='ocrx_word' id='word_1_261' title='bbox 435 2331 535 2400; x_wconf 90' lang='lat' dir='ltr'>prima,</span> <span class='ocrx_word' id='word_1_262' title='bbox 561 2329 630 2386; x_wconf 85' lang='lat' dir='ltr'>siin</span> <span class='ocrx_word' id='word_1_263' title='bbox 657 2330 787 2394; x_wconf 89' lang='lat' dir='ltr'>secunda,</span> <span class='ocrx_word' id='word_1_264' title='bbox 802 2329 825 2385; x_wconf 89' lang='lat' dir='ltr'>si</span> <span class='ocrx_word' id='word_1_265' title='bbox 840 2329 868 2384; x_wconf 93' lang='lat' dir='ltr'>in</span> <span class='ocrx_word' id='word_1_266' title='bbox 882 2329 960 2384; x_wconf 89' lang='lat' dir='ltr'>tertia</span> <span class='ocrx_word' id='word_1_267' title='bbox 978 2330 1070 2401; x_wconf 85' lang='lat' dir='ltr'>vigilia</span> <span class='ocrx_word' id='word_1_268' title='bbox 1121 2349 1205 2394; x_wconf 79' lang='lat' dir='ltr'>mars:</span> <span class='ocrx_word' id='word_1_269' title='bbox 1236 2333 1374 2388; x_wconf 85' lang='lat' dir='ltr'>imitantes</span> <span class='ocrx_word' id='word_1_270' title='bbox 1406 2333 1537 2389; x_wconf 79' lang='lat' dir='ltr'>excubias</span> <span class='ocrx_word' id='word_1_271' title='bbox 1570 2333 1690 2389; x_wconf 86' lang='lat' dir='ltr'>coelestis</span> <span class='ocrx_word' id='word_1_272' title='bbox 1719 2329 1904 2397; x_wconf 86' lang='lat' dir='ltr'>Hierusalem,</span> 
     </span>
     <span class='ocr_line' id='line_1_22' title="bbox 288 2421 1906 2495; baseline 0 -18"><span class='ocrx_word' id='word_1_273' title='bbox 288 2423 404 2487; x_wconf 87' lang='lat' dir='ltr'>renerit,</span> <span class='ocrx_word' id='word_1_274' title='bbox 423 2422 498 2478; x_wconf 85' lang='lat' dir='ltr'>etita</span> <span class='ocrx_word' id='word_1_275' title='bbox 521 2421 667 2489; x_wconf 88' lang='lat' dir='ltr'>invenerit,</span> <span class='ocrx_word' id='word_1_276' title='bbox 678 2422 751 2477; x_wconf 87' lang='lat' dir='ltr'>beati</span> <span class='ocrx_word' id='word_1_277' title='bbox 765 2430 828 2476; x_wconf 92' lang='lat' dir='ltr'>sunt</span> <span class='ocrx_word' id='word_1_278' title='bbox 842 2421 912 2477; x_wconf 87' lang='lat' dir='ltr'>servi</span> <span class='ocrx_word' id='word_1_279' title='bbox 938 2423 976 2477; x_wconf 91' lang='lat' dir='ltr'>illi</span> <span class='ocrx_word' id='word_1_280' title='bbox 991 2422 1034 2488; x_wconf 78' lang='lat'>⁸¹3</span> <span class='ocrx_word' id='word_1_281' title='bbox 1058 2441 1068 2474; x_wconf 82' lang='lat' dir='ltr'>v</span> <span class='ocrx_word' id='word_1_282' title='bbox 1122 2441 1183 2495; x_wconf 77' lang='lat' dir='ltr'>que</span> <span class='ocrx_word' id='word_1_283' title='bbox 1200 2423 1350 2480; x_wconf 82' lang='lat' dir='ltr'>adillcatnr</span> <span class='ocrx_word' id='word_1_284' title='bbox 1365 2432 1395 2478; x_wconf 93' lang='lat' dir='ltr'>ut</span> <span class='ocrx_word' id='word_1_285' title='bbox 1417 2425 1514 2479; x_wconf 89' lang='lat' dir='ltr'>civitas</span> <span class='ocrx_word' id='word_1_286' title='bbox 1527 2424 1560 2488; x_wconf 82' lang='lat'>⁸¹,</span> <span class='ocrx_word' id='word_1_287' title='bbox 1577 2432 1604 2479; x_wconf 89' lang='lat' dir='ltr'>et</span> <span class='ocrx_word' id='word_1_288' title='bbox 1624 2433 1809 2494; x_wconf 87' lang='lat' dir='ltr'>servaturper</span> <span class='ocrx_word' id='word_1_289' title='bbox 1822 2438 1906 2495; x_wconf 90' lang='lat' dir='ltr'>ange·</span> 
     </span>
     <span class='ocr_line' id='line_1_23' title="bbox 286 2516 1906 2590; baseline 0 -18"><span class='ocrx_word' id='word_1_290' title='bbox 286 2533 346 2587; x_wconf 71' lang='lat' dir='ltr'>qum</span> <span class='ocrx_word' id='word_1_291' title='bbox 366 2525 426 2572; x_wconf 87' lang='lat' dir='ltr'>tres</span> <span class='ocrx_word' id='word_1_292' title='bbox 447 2517 549 2588; x_wconf 71' lang='lat' dir='ltr'>vigilie</span> <span class='ocrx_word' id='word_1_293' title='bbox 579 2525 634 2572; x_wconf 91' lang='lat' dir='ltr'>tres</span> <span class='ocrx_word' id='word_1_294' title='bbox 666 2516 811 2586; x_wconf 86' lang='lat' dir='ltr'>designant</span> <span class='ocrx_word' id='word_1_295' title='bbox 838 2525 931 2572; x_wconf 82' lang='lat' dir='ltr'>aetates</span> <span class='ocrx_word' id='word_1_296' title='bbox 949 2533 957 2570; x_wconf 75' lang='lat' dir='ltr'>a</span> <span class='ocrx_word' id='word_1_297' title='bbox 978 2518 1071 2586; x_wconf 89' lang='lat' dir='ltr'>pueri·</span> <span class='ocrx_word' id='word_1_298' title='bbox 1122 2518 1212 2574; x_wconf 92' lang='lat' dir='ltr'>lorum</span> <span class='ocrx_word' id='word_1_299' title='bbox 1227 2517 1415 2590; x_wconf 88' lang='lat' dir='ltr'>vigilias,qui</span> <span class='ocrx_word' id='word_1_300' title='bbox 1429 2517 1500 2572; x_wconf 90' lang='lat' dir='ltr'>terni</span> <span class='ocrx_word' id='word_1_301' title='bbox 1516 2525 1608 2574; x_wconf 90' lang='lat' dir='ltr'>ternas</span> <span class='ocrx_word' id='word_1_302' title='bbox 1628 2518 1822 2587; x_wconf 86' lang='lat' dir='ltr'>distinguunt.</span> <span class='ocrx_word' id='word_1_303' title='bbox 1841 2518 1906 2572; x_wconf 92' lang='lat' dir='ltr'>dum</span> 
     </span>
     <span class='ocr_line' id='line_1_24' title="bbox 286 2609 1906 2683; baseline 0.002 -18"><span class='ocrx_word' id='word_1_304' title='bbox 286 2612 374 2679; x_wconf 81' lang='lat' dir='ltr'>tiana,</span> <span class='ocrx_word' id='word_1_305' title='bbox 391 2610 562 2680; x_wconf 79' lang='lat' dir='ltr'>juventutem</span> <span class='ocrx_word' id='word_1_306' title='bbox 581 2618 609 2665; x_wconf 89' lang='lat' dir='ltr'>et</span> <span class='ocrx_word' id='word_1_307' title='bbox 625 2617 810 2677; x_wconf 61' lang='lat' dir='ltr'>senectutem</span> <span class='ocrx_word' id='word_1_308' title='bbox 827 2609 854 2664; x_wconf 91' lang='lat' dir='ltr'>in</span> <span class='ocrx_word' id='word_1_309' title='bbox 876 2610 977 2680; x_wconf 89' lang='lat' dir='ltr'>quibus</span> <span class='ocrx_word' id='word_1_310' title='bbox 999 2626 1033 2666; x_wconf 91' lang='lat' dir='ltr'>ne</span> <span class='ocrx_word' id='word_1_311' title='bbox 1055 2626 1072 2665; x_wconf 86' lang='lat' dir='ltr'>a</span> <span class='ocrx_word' id='word_1_312' title='bbox 1124 2623 1164 2669; x_wconf 89' lang='lat' dir='ltr'>ter</span> <span class='ocrx_word' id='word_1_313' title='bbox 1181 2613 1250 2668; x_wconf 90' lang='lat' dir='ltr'>terni</span> <span class='ocrx_word' id='word_1_314' title='bbox 1267 2612 1383 2668; x_wconf 87' lang='lat' dir='ltr'>trinitati</span> <span class='ocrx_word' id='word_1_315' title='bbox 1399 2612 1777 2683; x_wconf 83' lang='lat' dir='ltr'>concinunt.Sicetnosqui</span> <span class='ocrx_word' id='word_1_316' title='bbox 1793 2613 1906 2669; x_wconf 90' lang='lat' dir='ltr'>inillam</span> 
     </span>
     <span class='ocr_line' id='line_1_25' title="bbox 287 2701 1909 2776; baseline 0.001 -17"><span class='ocrx_word' id='word_1_317' title='bbox 287 2703 398 2759; x_wconf 85' lang='lat' dir='ltr'>diabolo</span> <span class='ocrx_word' id='word_1_318' title='bbox 412 2703 598 2771; x_wconf 89' lang='lat' dir='ltr'>seducantur,</span> <span class='ocrx_word' id='word_1_319' title='bbox 618 2703 688 2759; x_wconf 89' lang='lat' dir='ltr'>bene</span> <span class='ocrx_word' id='word_1_320' title='bbox 701 2703 839 2774; x_wconf 89' lang='lat' dir='ltr'>vigilando</span> <span class='ocrx_word' id='word_1_321' title='bbox 852 2701 998 2757; x_wconf 81' lang='lat' dir='ltr'>Dominum</span> <span class='ocrx_word' id='word_1_322' title='bbox 1014 2703 1073 2757; x_wconf 92' lang='lat' dir='ltr'>lau·</span> <span class='ocrx_word' id='word_1_323' title='bbox 1123 2707 1273 2773; x_wconf 89' lang='lat' dir='ltr'>tendimus,</span> <span class='ocrx_word' id='word_1_324' title='bbox 1290 2707 1363 2761; x_wconf 89' lang='lat' dir='ltr'>unde</span> <span class='ocrx_word' id='word_1_325' title='bbox 1383 2714 1410 2760; x_wconf 92' lang='lat' dir='ltr'>ct</span> <span class='ocrx_word' id='word_1_326' title='bbox 1426 2706 1487 2776; x_wconf 85' lang='lat' dir='ltr'>ejus</span> <span class='ocrx_word' id='word_1_327' title='bbox 1501 2706 1614 2762; x_wconf 88' lang='lat' dir='ltr'>nominc</span> <span class='ocrx_word' id='word_1_328' title='bbox 1631 2704 1802 2762; x_wconf 85' lang='lat' dir='ltr'>Hierusalem</span> <span class='ocrx_word' id='word_1_329' title='bbox 1817 2707 1909 2761; x_wconf 92' lang='lat' dir='ltr'>nomi·</span> 
     </span>
     <span class='ocr_line' id='line_1_26' title="bbox 288 2791 1906 2870; baseline 0.002 -22"><span class='ocrx_word' id='word_1_330' title='bbox 288 2794 353 2848; x_wconf 89' lang='lat' dir='ltr'>dare</span> <span class='ocrx_word' id='word_1_331' title='bbox 376 2802 512 2849; x_wconf 88' lang='lat' dir='ltr'>tenemur.</span> <span class='ocrx_word' id='word_1_332' title='bbox 541 2791 589 2848; x_wconf 81' lang='lat' dir='ltr'>Vel</span> <span class='ocrx_word' id='word_1_333' title='bbox 617 2809 666 2865; x_wconf 94' lang='lat' dir='ltr'>per</span> <span class='ocrx_word' id='word_1_334' title='bbox 694 2803 750 2849; x_wconf 85' lang='lat' dir='ltr'>tres</span> <span class='ocrx_word' id='word_1_335' title='bbox 775 2793 906 2849; x_wconf 89' lang='lat' dir='ltr'>lectiones</span> <span class='ocrx_word' id='word_1_336' title='bbox 931 2792 1073 2848; x_wconf 72' lang='lat' dir='ltr'>doctrinas</span> <span class='ocrx_word' id='word_1_337' title='bbox 1124 2813 1231 2865; x_wconf 91' lang='lat' dir='ltr'>namur,</span> <span class='ocrx_word' id='word_1_338' title='bbox 1246 2798 1311 2870; x_wconf 90' lang='lat' dir='ltr'>quia</span> <span class='ocrx_word' id='word_1_339' title='bbox 1330 2799 1403 2854; x_wconf 92' lang='lat' dir='ltr'>illius</span> <span class='ocrx_word' id='word_1_340' title='bbox 1415 2799 1541 2854; x_wconf 91' lang='lat' dir='ltr'>umbram</span> <span class='ocrx_word' id='word_1_341' title='bbox 1563 2800 1777 2870; x_wconf 87' lang='lat' dir='ltr'>gerimus;tres</span> <span class='ocrx_word' id='word_1_342' title='bbox 1793 2808 1906 2855; x_wconf 90' lang='lat' dir='ltr'>noctur-</span> 
     </span>
     <span class='ocr_line' id='line_1_27' title="bbox 288 2883 1909 2963; baseline 0.002 -21"><span class='ocrx_word' id='word_1_343' title='bbox 288 2886 439 2942; x_wconf 70' lang='lat' dir='ltr'>tectorem</span> <span class='ocrx_word' id='word_1_344' title='bbox 463 2885 547 2940; x_wconf 89' lang='lat' dir='ltr'>trium</span> <span class='ocrx_word' id='word_1_345' title='bbox 566 2894 719 2955; x_wconf 87' lang='lat' dir='ltr'>temporum</span> <span class='ocrx_word' id='word_1_346' title='bbox 733 2885 917 2954; x_wconf 85' lang='lat' dir='ltr'>designamus.</span> <span class='ocrx_word' id='word_1_347' title='bbox 928 2883 997 2939; x_wconf 87' lang='lat' dir='ltr'>Cum</span> <span class='ocrx_word' id='word_1_348' title='bbox 1010 2884 1073 2955; x_wconf 90' lang='lat' dir='ltr'>qui·</span> <span class='ocrx_word' id='word_1_349' title='bbox 1124 2905 1176 2946; x_wconf 91' lang='lat' dir='ltr'>nos</span> <span class='ocrx_word' id='word_1_350' title='bbox 1197 2889 1382 2946; x_wconf 77' lang='lat' dir='ltr'>indominica</span> <span class='ocrx_word' id='word_1_351' title='bbox 1406 2891 1594 2958; x_wconf 86' lang='lat' dir='ltr'>celebramus,</span> <span class='ocrx_word' id='word_1_352' title='bbox 1612 2891 1639 2945; x_wconf 91' lang='lat' dir='ltr'>in</span> <span class='ocrx_word' id='word_1_353' title='bbox 1665 2891 1778 2962; x_wconf 87' lang='lat' dir='ltr'>quadie</span> <span class='ocrx_word' id='word_1_354' title='bbox 1799 2891 1909 2963; x_wconf 84' lang='lat' dir='ltr'>angelo-</span> 
     </span>
     <span class='ocr_line' id='line_1_28' title="bbox 289 2977 1910 3052; baseline 0.002 -16"><span class='ocrx_word' id='word_1_355' title='bbox 289 2980 341 3036; x_wconf 85' lang='lat' dir='ltr'>bus</span> <span class='ocrx_word' id='word_1_356' title='bbox 365 2979 540 3050; x_wconf 84' lang='lat' dir='ltr'>interpollate</span> <span class='ocrx_word' id='word_1_357' title='bbox 560 2979 737 3049; x_wconf 86' lang='lat' dir='ltr'>responsoria</span> <span class='ocrx_word' id='word_1_358' title='bbox 748 2977 943 3045; x_wconf 87' lang='lat' dir='ltr'>decantamus;</span> <span class='ocrx_word' id='word_1_359' title='bbox 958 2977 1076 3032; x_wconf 82' lang='lat' dir='ltr'>innuen·&#39;</span> <span class='ocrx_word' id='word_1_360' title='bbox 1124 2997 1187 3036; x_wconf 90' lang='lat' dir='ltr'>rum</span> <span class='ocrx_word' id='word_1_361' title='bbox 1215 2983 1385 3037; x_wconf 85' lang='lat' dir='ltr'>consortium</span> <span class='ocrx_word' id='word_1_362' title='bbox 1408 2984 1621 3052; x_wconf 88' lang='lat' dir='ltr'>promeruimus.</span> <span class='ocrx_word' id='word_1_363' title='bbox 1641 2984 1684 3039; x_wconf 85' lang='lat' dir='ltr'>rel</span> <span class='ocrx_word' id='word_1_364' title='bbox 1699 2985 1840 3040; x_wconf 89' lang='lat' dir='ltr'>imitamur</span> <span class='ocrx_word' id='word_1_365' title='bbox 1858 2983 1910 3040; x_wconf 82' lang='lat' dir='ltr'>Ec·</span> 
     </span>
     <span class='ocr_line' id='line_1_29' title="bbox 289 3070 1910 3146; baseline -0.001 -16"><span class='ocrx_word' id='word_1_366' title='bbox 289 3082 329 3136; x_wconf 79' lang='lat' dir='ltr'>tta</span> <span class='ocrx_word' id='word_1_367' title='bbox 358 3073 436 3146; x_wconf 79' lang='lat' dir='ltr'>quud</span> <span class='ocrx_word' id='word_1_368' title='bbox 458 3072 589 3143; x_wconf 90' lang='lat' dir='ltr'>quidquid</span> <span class='ocrx_word' id='word_1_369' title='bbox 615 3072 642 3128; x_wconf 90' lang='lat' dir='ltr'>in</span> <span class='ocrx_word' id='word_1_370' title='bbox 664 3072 753 3129; x_wconf 90' lang='lat' dir='ltr'>tribus</span> <span class='ocrx_word' id='word_1_371' title='bbox 771 3071 850 3127; x_wconf 88' lang='lat' dir='ltr'>electi</span> <span class='ocrx_word' id='word_1_372' title='bbox 873 3070 991 3126; x_wconf 87' lang='lat' dir='ltr'>docuere</span> <span class='ocrx_word' id='word_1_373' title='bbox 1006 3077 1075 3124; x_wconf 87' lang='lat' dir='ltr'>tem·</span> <span class='ocrx_word' id='word_1_374' title='bbox 1125 3073 1215 3129; x_wconf 76' lang='lat' dir='ltr'>clasiae</span> <span class='ocrx_word' id='word_1_375' title='bbox 1229 3074 1376 3143; x_wconf 77' lang='lat' dir='ltr'>primitiva.</span> <span class='ocrx_word' id='word_1_376' title='bbox 1400 3083 1456 3129; x_wconf 89' lang='lat' dir='ltr'>tres</span> <span class='ocrx_word' id='word_1_377' title='bbox 1473 3073 1662 3143; x_wconf 86' lang='lat' dir='ltr'>interpollatas</span> <span class='ocrx_word' id='word_1_378' title='bbox 1685 3075 1832 3142; x_wconf 78' lang='lat' dir='ltr'>excubias,</span> <span class='ocrx_word' id='word_1_379' title='bbox 1848 3089 1910 3145; x_wconf 86' lang='lat' dir='ltr'>quae</span> 
     </span>
     <span class='ocr_line' id='line_1_30' title="bbox 290 3163 1910 3251; baseline -0.002 -27"><span class='ocrx_word' id='word_1_380' title='bbox 290 3169 414 3251; x_wconf 77' lang='lat' dir='ltr'>poribus,</span> <span class='ocrx_word' id='word_1_381' title='bbox 429 3175 457 3223; x_wconf 87' lang='lat' dir='ltr'>ct</span> <span class='ocrx_word' id='word_1_382' title='bbox 470 3164 602 3238; x_wconf 91' lang='lat' dir='ltr'>quidquid</span> <span class='ocrx_word' id='word_1_383' title='bbox 613 3179 665 3220; x_wconf 89' lang='lat' dir='ltr'>nos</span> <span class='ocrx_word' id='word_1_384' title='bbox 679 3166 706 3219; x_wconf 92' lang='lat' dir='ltr'>in</span> <span class='ocrx_word' id='word_1_385' title='bbox 718 3164 806 3221; x_wconf 86' lang='lat' dir='ltr'>tribus</span> <span class='ocrx_word' id='word_1_386' title='bbox 817 3164 942 3223; x_wconf 80' lang='lat' dir='ltr'>aetatibus</span> <span class='ocrx_word' id='word_1_387' title='bbox 956 3163 1073 3233; x_wconf 88' lang='lat' dir='ltr'>agimus,</span> <span class='ocrx_word' id='word_1_388' title='bbox 1125 3173 1169 3219; x_wconf 89' lang='lat' dir='ltr'>ter</span> <span class='ocrx_word' id='word_1_389' title='bbox 1183 3165 1210 3219; x_wconf 92' lang='lat' dir='ltr'>in</span> <span class='ocrx_word' id='word_1_390' title='bbox 1233 3172 1313 3218; x_wconf 84' lang='lat' dir='ltr'>troctc</span> <span class='ocrx_word' id='word_1_391' title='bbox 1327 3164 1459 3234; x_wconf 73' lang='lat' dir='ltr'>surgebat</span> <span class='ocrx_word' id='word_1_392' title='bbox 1479 3165 1514 3218; x_wconf 91' lang='lat' dir='ltr'>ad</span> <span class='ocrx_word' id='word_1_393' title='bbox 1535 3165 1719 3219; x_wconf 91' lang='lat' dir='ltr'>conlitendum</span> <span class='ocrx_word' id='word_1_394' title='bbox 1737 3165 1862 3231; x_wconf 84' lang='lat' dir='ltr'>Domino,</span> <span class='ocrx_word' id='word_1_395' title='bbox 1878 3174 1910 3221; x_wconf 91' lang='lat' dir='ltr'>ut</span> 
     </span>
     <span class='ocr_line' id='line_1_31' title="bbox 290 3255 1908 3331; baseline -0.003 -14"><span class='ocrx_word' id='word_1_396' title='bbox 290 3262 325 3317; x_wconf 85' lang='lat' dir='ltr'>ad</span> <span class='ocrx_word' id='word_1_397' title='bbox 341 3259 432 3316; x_wconf 55' lang='lat' dir='ltr'>Mum</span> <span class='ocrx_word' id='word_1_398' title='bbox 444 3259 649 3331; x_wconf 86' lang='lat' dir='ltr'>trinitatemque</span> <span class='ocrx_word' id='word_1_399' title='bbox 663 3257 823 3324; x_wconf 80' lang='lat' dir='ltr'>referimus,</span> <span class='ocrx_word' id='word_1_400' title='bbox 846 3263 873 3310; x_wconf 91' lang='lat' dir='ltr'>et</span> <span class='ocrx_word' id='word_1_401' title='bbox 886 3255 1034 3312; x_wconf 83' lang='lat' dir='ltr'>trinitatem</span> <span class='ocrx_word' id='word_1_402' title='bbox 1047 3255 1075 3308; x_wconf 93' lang='lat' dir='ltr'>in</span> <span class='ocrx_word' id='word_1_403' title='bbox 1126 3257 1210 3312; x_wconf 88' lang='lat' dir='ltr'>linitis</span> <span class='ocrx_word' id='word_1_404' title='bbox 1223 3256 1251 3310; x_wconf 93' lang='lat' dir='ltr'>in</span> <span class='ocrx_word' id='word_1_405' title='bbox 1266 3256 1354 3312; x_wconf 89' lang='lat' dir='ltr'>tribus</span> <span class='ocrx_word' id='word_1_406' title='bbox 1369 3257 1481 3326; x_wconf 90' lang='lat' dir='ltr'>psalmis</span> <span class='ocrx_word' id='word_1_407' title='bbox 1495 3257 1583 3311; x_wconf 91' lang='lat' dir='ltr'>tribus</span> <span class='ocrx_word' id='word_1_408' title='bbox 1593 3258 1747 3323; x_wconf 89' lang='lat' dir='ltr'>nocturnis,</span> <span class='ocrx_word' id='word_1_409' title='bbox 1765 3259 1793 3313; x_wconf 91' lang='lat' dir='ltr'>in</span> <span class='ocrx_word' id='word_1_410' title='bbox 1809 3273 1908 3313; x_wconf 86' lang='lat' dir='ltr'>aurora</span> 
     </span>
     <span class='ocr_line' id='line_1_32' title="bbox 290 3348 1907 3431; baseline -0.003 -22"><span class='ocrx_word' id='word_1_411' title='bbox 290 3355 354 3425; x_wconf 82' lang='lat' dir='ltr'>ide,</span> <span class='ocrx_word' id='word_1_412' title='bbox 368 3369 419 3424; x_wconf 89' lang='lat' dir='ltr'>spe</span> <span class='ocrx_word' id='word_1_413' title='bbox 432 3362 460 3409; x_wconf 90' lang='lat' dir='ltr'>et</span> <span class='ocrx_word' id='word_1_414' title='bbox 469 3351 602 3408; x_wconf 87' lang='lat' dir='ltr'>charitate</span> <span class='ocrx_word' id='word_1_415' title='bbox 617 3349 800 3421; x_wconf 77' lang='lat' dir='ltr'>glorificamus</span> <span class='ocrx_word' id='word_1_416' title='bbox 814 3368 821 3405; x_wconf 78' lang='lat' dir='ltr'><strong><em>z</em></strong></span> <span class='ocrx_word' id='word_1_417' title='bbox 835 3348 949 3419; x_wconf 87' lang='lat' dir='ltr'>ideoque</span> <span class='ocrx_word' id='word_1_418' title='bbox 962 3361 1111 3431; x_wconf 72' lang='lat' dir='ltr'>respon-c</span> <span class='ocrx_word' id='word_1_419' title='bbox 1127 3349 1303 3420; x_wconf 87' lang='lat' dir='ltr'>compulsatis</span> <span class='ocrx_word' id='word_1_420' title='bbox 1319 3349 1471 3419; x_wconf 86' lang='lat' dir='ltr'>campanis,</span> <span class='ocrx_word' id='word_1_421' title='bbox 1486 3358 1608 3405; x_wconf 88' lang='lat' dir='ltr'>cantaret</span> <span class='ocrx_word' id='word_1_422' title='bbox 1618 3350 1653 3405; x_wconf 80' lang='lat' dir='ltr'>Te</span> <span class='ocrx_word' id='word_1_423' title='bbox 1665 3350 1907 3414; x_wconf 84' lang='lat' dir='ltr'>Deumiuudnmus,</span> 
     </span>
     <span class='ocr_line' id='line_1_33' title="bbox 291 3441 1909 3521; baseline -0.004 -19"><span class='ocrx_word' id='word_1_424' title='bbox 291 3448 363 3502; x_wconf 77' lang='lat' dir='ltr'>toda</span> <span class='ocrx_word' id='word_1_425' title='bbox 385 3447 515 3501; x_wconf 88' lang='lat' dir='ltr'>dicuntur</span> <span class='ocrx_word' id='word_1_426' title='bbox 528 3459 543 3499; x_wconf 90' lang='lat' dir='ltr'>a</span> <span class='ocrx_word' id='word_1_427' title='bbox 554 3443 760 3514; x_wconf 83' lang='lat' dir='ltr'>respondend03</span> <span class='ocrx_word' id='word_1_428' title='bbox 776 3442 841 3513; x_wconf 89' lang='lat' dir='ltr'>quia</span> <span class='ocrx_word' id='word_1_429' title='bbox 865 3443 984 3498; x_wconf 91' lang='lat' dir='ltr'>innnunt</span> <span class='ocrx_word' id='word_1_430' title='bbox 1004 3441 1077 3512; x_wconf 91' lang='lat' dir='ltr'>quod</span> <span class='ocrx_word' id='word_1_431' title='bbox 1128 3451 1156 3496; x_wconf 90' lang='lat' dir='ltr'>et</span> <span class='ocrx_word' id='word_1_432' title='bbox 1172 3442 1288 3521; x_wconf 78' lang='lat' dir='ltr'>laudcs3</span> <span class='ocrx_word' id='word_1_433' title='bbox 1308 3451 1336 3497; x_wconf 90' lang='lat' dir='ltr'>et</span> <span class='ocrx_word' id='word_1_434' title='bbox 1350 3441 1401 3497; x_wconf 87' lang='lat' dir='ltr'>luit</span> <span class='ocrx_word' id='word_1_435' title='bbox 1415 3443 1472 3497; x_wconf 79' lang='lat' dir='ltr'>llaec</span> <span class='ocrx_word' id='word_1_436' title='bbox 1485 3443 1656 3498; x_wconf 85' lang='lat' dir='ltr'>consuetudo</span> <span class='ocrx_word' id='word_1_437' title='bbox 1678 3443 1760 3498; x_wconf 89' lang='lat' dir='ltr'>trium</span> <span class='ocrx_word' id='word_1_438' title='bbox 1778 3442 1909 3498; x_wconf 87' lang='lat' dir='ltr'>excubia-</span> 
     </span>
     <span class='ocr_line' id='line_1_34' title="bbox 292 3533 1910 3606; baseline -0.006 -10"><span class='ocrx_word' id='word_1_439' title='bbox 292 3541 395 3597; x_wconf 80' lang='lat' dir='ltr'>sanctis</span> <span class='ocrx_word' id='word_1_440' title='bbox 407 3537 521 3593; x_wconf 92' lang='lat' dir='ltr'>monitis</span> <span class='ocrx_word' id='word_1_441' title='bbox 545 3535 613 3604; x_wconf 84' lang='lat' dir='ltr'>Dei,</span> <span class='ocrx_word' id='word_1_442' title='bbox 627 3550 688 3606; x_wconf 75' lang='lat' dir='ltr'>quae</span> <span class='ocrx_word' id='word_1_443' title='bbox 702 3536 729 3590; x_wconf 95' lang='lat' dir='ltr'>in</span> <span class='ocrx_word' id='word_1_444' title='bbox 742 3535 906 3592; x_wconf 89' lang='lat' dir='ltr'>lectionibus</span> <span class='ocrx_word' id='word_1_445' title='bbox 920 3550 1078 3606; x_wconf 88' lang='lat' dir='ltr'>proponun-</span> <span class='ocrx_word' id='word_1_446' title='bbox 1128 3549 1188 3588; x_wconf 90' lang='lat' dir='ltr'>rum</span> <span class='ocrx_word' id='word_1_447' title='bbox 1205 3541 1320 3604; x_wconf 81' lang='lat' dir='ltr'>sumpta</span> <span class='ocrx_word' id='word_1_448' title='bbox 1333 3550 1347 3589; x_wconf 83' lang='lat' dir='ltr'>a</span> <span class='ocrx_word' id='word_1_449' title='bbox 1360 3535 1471 3590; x_wconf 88' lang='lat' dir='ltr'>civitate</span> <span class='ocrx_word' id='word_1_450' title='bbox 1486 3537 1610 3601; x_wconf 90' lang='lat' dir='ltr'>obsessa,</span> <span class='ocrx_word' id='word_1_451' title='bbox 1624 3534 1670 3589; x_wconf 93' lang='lat' dir='ltr'>ubi</span> <span class='ocrx_word' id='word_1_452' title='bbox 1683 3535 1767 3589; x_wconf 91' lang='lat' dir='ltr'>ternis</span> <span class='ocrx_word' id='word_1_453' title='bbox 1786 3533 1910 3589; x_wconf 83' lang='lat' dir='ltr'>excubiis</span> 
     </span>
     <span class='ocr_line' id='line_1_35' title="bbox 292 3624 1909 3706; baseline -0.005 -20"><span class='ocrx_word' id='word_1_454' title='bbox 292 3640 349 3698; x_wconf 90' lang='lat' dir='ltr'>tur,</span> <span class='ocrx_word' id='word_1_455' title='bbox 363 3629 445 3686; x_wconf 86' lang='lat' dir='ltr'>lactis</span> <span class='ocrx_word' id='word_1_456' title='bbox 458 3628 624 3700; x_wconf 87' lang='lat' dir='ltr'>respondere</span> <span class='ocrx_word' id='word_1_457' title='bbox 638 3627 781 3694; x_wconf 88' lang='lat' dir='ltr'>debemus,</span> <span class='ocrx_word' id='word_1_458' title='bbox 808 3641 843 3689; x_wconf 86' lang='lat' dir='ltr'>nc</span> <span class='ocrx_word' id='word_1_459' title='bbox 866 3627 969 3685; x_wconf 90' lang='lat' dir='ltr'>similes</span> <span class='ocrx_word' id='word_1_460' title='bbox 991 3628 1077 3706; x_wconf 80' lang='lat' dir='ltr'>simus</span> <span class='ocrx_word' id='word_1_461' title='bbox 1128 3625 1162 3680; x_wconf 91' lang='lat' dir='ltr'>ab</span> <span class='ocrx_word' id='word_1_462' title='bbox 1177 3624 1323 3680; x_wconf 87' lang='lat' dir='ltr'>hostilibus</span> <span class='ocrx_word' id='word_1_463' title='bbox 1339 3635 1452 3681; x_wconf 90' lang='lat' dir='ltr'>cavetur</span> <span class='ocrx_word' id='word_1_464' title='bbox 1463 3627 1582 3682; x_wconf 87' lang='lat' dir='ltr'>insidiis.</span> <span class='ocrx_word' id='word_1_465' title='bbox 1608 3624 1752 3680; x_wconf 88' lang='lat' dir='ltr'>Civitatem</span> <span class='ocrx_word' id='word_1_466' title='bbox 1774 3634 1909 3688; x_wconf 89' lang='lat' dir='ltr'>nostram,</span> 
     </span>
     <span class='ocr_line' id='line_1_36' title="bbox 292 3716 1911 3795; baseline -0.004 -19"><span class='ocrx_word' id='word_1_467' title='bbox 292 3723 386 3795; x_wconf 86' lang='lat' dir='ltr'>pueris</span> <span class='ocrx_word' id='word_1_468' title='bbox 397 3722 427 3777; x_wconf 92' lang='lat' dir='ltr'>in</span> <span class='ocrx_word' id='word_1_469' title='bbox 442 3720 503 3777; x_wconf 89' lang='lat' dir='ltr'>iore</span> <span class='ocrx_word' id='word_1_470' title='bbox 517 3719 674 3777; x_wconf 89' lang='lat' dir='ltr'>ludentibus</span> <span class='ocrx_word' id='word_1_471' title='bbox 689 3730 716 3774; x_wconf 87' lang='lat' dir='ltr'>ct</span> <span class='ocrx_word' id='word_1_472' title='bbox 730 3718 906 3775; x_wconf 87' lang='lat' dir='ltr'>dicentibus:</span> <span class='ocrx_word' id='word_1_473' title='bbox 923 3738 932 3770; x_wconf 81' lang='lat' dir='ltr'>t</span> <span class='ocrx_word' id='word_1_474' title='bbox 947 3718 1078 3774; x_wconf 85' lang='lat' dir='ltr'>Cantavi-</span> <span class='ocrx_word' id='word_1_475' title='bbox 1128 3718 1233 3774; x_wconf 88' lang='lat' dir='ltr'>scilicet</span> <span class='ocrx_word' id='word_1_476' title='bbox 1249 3716 1410 3785; x_wconf 82' lang='lat' dir='ltr'>Ecclesiam,</span> <span class='ocrx_word' id='word_1_477' title='bbox 1423 3718 1551 3774; x_wconf 86' lang='lat' dir='ltr'>diabolus</span> <span class='ocrx_word' id='word_1_478' title='bbox 1563 3719 1723 3790; x_wconf 88' lang='lat' dir='ltr'>impugnat,</span> <span class='ocrx_word' id='word_1_479' title='bbox 1738 3726 1766 3773; x_wconf 90' lang='lat' dir='ltr'>et</span> <span class='ocrx_word' id='word_1_480' title='bbox 1782 3718 1807 3773; x_wconf 90' lang='lat' dir='ltr'>ci</span> <span class='ocrx_word' id='word_1_481' title='bbox 1822 3717 1911 3772; x_wconf 53' lang='lat' dir='ltr'>maria</span> 
     </span>
     <span class='ocr_line' id='line_1_37' title="bbox 294 3810 1489 3883; baseline -0.003 -12"><span class='ocrx_word' id='word_1_482' title='bbox 294 3831 356 3871; x_wconf 86' lang='lat' dir='ltr'>mus</span> <span class='ocrx_word' id='word_1_483' title='bbox 368 3823 396 3869; x_wconf 85' lang='lat' dir='ltr'>et</span> <span class='ocrx_word' id='word_1_484' title='bbox 410 3830 465 3870; x_wconf 92' lang='lat' dir='ltr'>nou</span> <span class='ocrx_word' id='word_1_485' title='bbox 476 3813 616 3881; x_wconf 84' lang='lat' dir='ltr'>saltastis;</span> <span class='ocrx_word' id='word_1_486' title='bbox 634 3812 856 3878; x_wconf 84' lang='lat' dir='ltr'>lamentavimus,</span> <span class='ocrx_word' id='word_1_487' title='bbox 881 3820 909 3866; x_wconf 89' lang='lat' dir='ltr'>ct</span> <span class='ocrx_word' id='word_1_488' title='bbox 934 3827 988 3868; x_wconf 95' lang='lat' dir='ltr'>non</span> <span class='ocrx_word' id='word_1_489' title='bbox 1004 3812 1079 3883; x_wconf 89' lang='lat' dir='ltr'>plan·</span> <span class='ocrx_word' id='word_1_490' title='bbox 1128 3826 1172 3866; x_wconf 89' lang='lat' dir='ltr'>me</span> <span class='ocrx_word' id='word_1_491' title='bbox 1189 3810 1334 3867; x_wconf 90' lang='lat' dir='ltr'>insidiatur</span> <span class='ocrx_word' id='word_1_492' title='bbox 1353 3812 1381 3867; x_wconf 92' lang='lat' dir='ltr'>in</span> <span class='ocrx_word' id='word_1_493' title='bbox 1398 3822 1489 3869; x_wconf 89' lang='lat' dir='ltr'>nocte.</span> 
     </span>
    </p>

    <p class='ocr_par' dir='ltr' id='par_1_7' title="bbox 246 3903 1915 5835">
     <span class='ocr_line' id='line_1_38' title="bbox 295 3903 1910 3977; baseline -0.003 -13"><span class='ocrx_word' id='word_1_494' title='bbox 295 3909 378 3964; x_wconf 82' lang='lat' dir='ltr'>aistis</span> <span class='ocrx_word' id='word_1_495' title='bbox 392 3908 417 3940; x_wconf 78' lang='lat'>⁸⁷</span> <span class='ocrx_word' id='word_1_496' title='bbox 433 3922 440 3960; x_wconf 77' lang='grc' dir='ltr'><strong><em>ε</em></strong></span> <span class='ocrx_word' id='word_1_497' title='bbox 459 3925 469 3959; x_wconf 85' lang='lat' dir='ltr'>r</span> <span class='ocrx_word' id='word_1_498' title='bbox 486 3907 548 3970; x_wconf 87' lang='lat' dir='ltr'>inde</span> <span class='ocrx_word' id='word_1_499' title='bbox 565 3905 692 3976; x_wconf 90' lang='lat' dir='ltr'>estquod</span> <span class='ocrx_word' id='word_1_500' title='bbox 716 3905 889 3976; x_wconf 89' lang='lat' dir='ltr'>responsoria</span> <span class='ocrx_word' id='word_1_501' title='bbox 916 3905 1079 3974; x_wconf 87' lang='lat' dir='ltr'>respondent</span> <span class='ocrx_word' id='word_1_502' title='bbox 1163 3903 1221 3959; x_wconf 84' lang='lat' dir='ltr'>Nox</span> <span class='ocrx_word' id='word_1_503' title='bbox 1232 3914 1274 3959; x_wconf 86' lang='lat' dir='ltr'>est</span> <span class='ocrx_word' id='word_1_504' title='bbox 1283 3905 1354 3959; x_wconf 92' lang='lat' dir='ltr'>enim</span> <span class='ocrx_word' id='word_1_505' title='bbox 1368 3907 1485 3975; x_wconf 87' lang='lat' dir='ltr'>peccatis</span> <span class='ocrx_word' id='word_1_506' title='bbox 1497 3906 1813 3977; x_wconf 81' lang='lat' dir='ltr'>accommoda3ideoque</span> <span class='ocrx_word' id='word_1_507' title='bbox 1822 3913 1910 3961; x_wconf 80' lang='lat' dir='ltr'>atten-</span> 
     </span>
     <span class='ocr_line' id='line_1_39' title="bbox 294 3996 1911 4068; baseline -0.005 -11"><span class='ocrx_word' id='word_1_508' title='bbox 294 4002 323 4057; x_wconf 86' lang='lat' dir='ltr'>in</span> <span class='ocrx_word' id='word_1_509' title='bbox 350 3999 468 4055; x_wconf 85' lang='lat' dir='ltr'>materia</span> <span class='ocrx_word' id='word_1_510' title='bbox 489 3996 668 4064; x_wconf 89' lang='lat' dir='ltr'>lectionibus,</span> <span class='ocrx_word' id='word_1_511' title='bbox 695 3996 760 4051; x_wconf 89' lang='lat' dir='ltr'>dum</span> <span class='ocrx_word' id='word_1_512' title='bbox 790 3997 879 4052; x_wconf 84' lang='lat' dir='ltr'>tn’stia</span> <span class='ocrx_word' id='word_1_513' title='bbox 897 3997 1033 4062; x_wconf 89' lang='lat' dir='ltr'>tristibus,</span> <span class='ocrx_word' id='word_1_514' title='bbox 1052 4006 1080 4056; x_wconf 86' lang='lat' dir='ltr'>et</span> <span class='ocrx_word' id='word_1_515' title='bbox 1129 3997 1183 4051; x_wconf 91' lang='lat' dir='ltr'>tius</span> <span class='ocrx_word' id='word_1_516' title='bbox 1195 3999 1221 4052; x_wconf 91' lang='lat' dir='ltr'>in</span> <span class='ocrx_word' id='word_1_517' title='bbox 1236 4007 1315 4053; x_wconf 91' lang='lat' dir='ltr'>nocte</span> <span class='ocrx_word' id='word_1_518' title='bbox 1335 4011 1386 4052; x_wconf 90' lang='lat' dir='ltr'>nos</span> <span class='ocrx_word' id='word_1_519' title='bbox 1410 3998 1538 4052; x_wconf 90' lang='lat' dir='ltr'>convenit</span> <span class='ocrx_word' id='word_1_520' title='bbox 1561 3999 1707 4065; x_wconf 89' lang='lat' dir='ltr'>excubare,</span> <span class='ocrx_word' id='word_1_521' title='bbox 1721 4005 1752 4052; x_wconf 92' lang='lat' dir='ltr'>ut</span> <span class='ocrx_word' id='word_1_522' title='bbox 1772 3997 1911 4068; x_wconf 86' lang='lat' dir='ltr'>possimus</span> 
     </span>
     <span class='ocr_line' id='line_1_40' title="bbox 294 4088 1910 4160; baseline -0.003 -12"><span class='ocrx_word' id='word_1_523' title='bbox 294 4093 440 4159; x_wconf 75' lang='lat' dir='ltr'>letislaeta</span> <span class='ocrx_word' id='word_1_524' title='bbox 456 4089 639 4147; x_wconf 88' lang='lat' dir='ltr'>succinimus.</span> <span class='ocrx_word' id='word_1_525' title='bbox 664 4088 744 4144; x_wconf 84' lang='lat' dir='ltr'>Verbi</span> <span class='ocrx_word' id='word_1_526' title='bbox 761 4091 869 4160; x_wconf 83' lang='lat' dir='ltr'>gratia,</span> <span class='ocrx_word' id='word_1_527' title='bbox 888 4091 952 4145; x_wconf 90' lang='lat' dir='ltr'>dum</span> <span class='ocrx_word' id='word_1_528' title='bbox 973 4091 1077 4154; x_wconf 88' lang='lat' dir='ltr'>lector,</span> <span class='ocrx_word' id='word_1_529' title='bbox 1128 4091 1237 4146; x_wconf 90' lang='lat' dir='ltr'>latentis</span> <span class='ocrx_word' id='word_1_530' title='bbox 1252 4090 1339 4146; x_wconf 89' lang='lat' dir='ltr'>bostis</span> <span class='ocrx_word' id='word_1_531' title='bbox 1361 4090 1476 4146; x_wconf 90' lang='lat' dir='ltr'>insidias</span> <span class='ocrx_word' id='word_1_532' title='bbox 1498 4090 1645 4146; x_wconf 88' lang='lat' dir='ltr'>declinare.</span> <span class='ocrx_word' id='word_1_533' title='bbox 1659 4090 1713 4145; x_wconf 89' lang='lat' dir='ltr'>Sed</span> <span class='ocrx_word' id='word_1_534' title='bbox 1731 4106 1793 4146; x_wconf 92' lang='lat' dir='ltr'>cum</span> <span class='ocrx_word' id='word_1_535' title='bbox 1817 4098 1910 4160; x_wconf 91' lang='lat' dir='ltr'>postea</span> 
     </span>
     <span class='ocr_line' id='line_1_41' title="bbox 292 4180 1912 4253; baseline -0.005 -11"><span class='ocrx_word' id='word_1_536' title='bbox 292 4188 369 4243; x_wconf 83' lang='lat' dir='ltr'>velut</span> <span class='ocrx_word' id='word_1_537' title='bbox 381 4185 501 4242; x_wconf 76' lang='lat' dir='ltr'>loannes</span> <span class='ocrx_word' id='word_1_538' title='bbox 514 4184 549 4248; x_wconf 84' lang='lat'>⁸⁸,</span> <span class='ocrx_word' id='word_1_539' title='bbox 561 4197 616 4238; x_wconf 92' lang='lat' dir='ltr'>non</span> <span class='ocrx_word' id='word_1_540' title='bbox 629 4184 808 4253; x_wconf 89' lang='lat' dir='ltr'>manducans,</span> <span class='ocrx_word' id='word_1_541' title='bbox 824 4198 873 4238; x_wconf 91' lang='lat' dir='ltr'>nec</span> <span class='ocrx_word' id='word_1_542' title='bbox 887 4185 993 4250; x_wconf 89' lang='lat' dir='ltr'>bibens,</span> <span class='ocrx_word' id='word_1_543' title='bbox 1009 4199 1078 4253; x_wconf 75' lang='lat' dir='ltr'>prae-</span> <span class='ocrx_word' id='word_1_544' title='bbox 1129 4182 1262 4239; x_wconf 87' lang='lat' dir='ltr'>charitate</span> <span class='ocrx_word' id='word_1_545' title='bbox 1277 4180 1437 4253; x_wconf 74' lang='lat' dir='ltr'>frigescente</span> <span class='ocrx_word' id='word_1_546' title='bbox 1450 4182 1610 4253; x_wconf 78' lang='lat' dir='ltr'>pigritarent</span> <span class='ocrx_word' id='word_1_547' title='bbox 1624 4183 1748 4238; x_wconf 87' lang='lat' dir='ltr'>homines</span> <span class='ocrx_word' id='word_1_548' title='bbox 1761 4183 1842 4237; x_wconf 88' lang='lat' dir='ltr'>toties</span> <span class='ocrx_word' id='word_1_549' title='bbox 1851 4196 1912 4235; x_wconf 88' lang='lat' dir='ltr'>sur-</span> 
     </span>
     <span class='ocr_line' id='line_1_42' title="bbox 294 4274 1911 4350; baseline -0.006 -14"><span class='ocrx_word' id='word_1_550' title='bbox 294 4280 369 4336; x_wconf 83' lang='lat' dir='ltr'>dical</span> <span class='ocrx_word' id='word_1_551' title='bbox 383 4276 585 4350; x_wconf 74' lang='lat' dir='ltr'>peanitentiam,</span> <span class='ocrx_word' id='word_1_552' title='bbox 607 4284 655 4330; x_wconf 91' lang='lat' dir='ltr'>aut</span> <span class='ocrx_word' id='word_1_553' title='bbox 669 4276 819 4331; x_wconf 89' lang='lat' dir='ltr'>lamentum</span> <span class='ocrx_word' id='word_1_554' title='bbox 841 4275 991 4331; x_wconf 79' lang='lat' dir='ltr'>Dominicae</span> <span class='ocrx_word' id='word_1_555' title='bbox 1018 4292 1080 4345; x_wconf 87' lang='lat' dir='ltr'>pas·</span> <span class='ocrx_word' id='word_1_556' title='bbox 1129 4289 1203 4344; x_wconf 88' lang='lat' dir='ltr'>gere,</span> <span class='ocrx_word' id='word_1_557' title='bbox 1218 4282 1350 4328; x_wconf 89' lang='lat' dir='ltr'>statutum</span> <span class='ocrx_word' id='word_1_558' title='bbox 1363 4281 1406 4328; x_wconf 88' lang='lat' dir='ltr'>cst</span> <span class='ocrx_word' id='word_1_559' title='bbox 1419 4283 1448 4329; x_wconf 90' lang='lat' dir='ltr'>ut</span> <span class='ocrx_word' id='word_1_560' title='bbox 1461 4274 1549 4329; x_wconf 90' lang='lat' dir='ltr'>media</span> <span class='ocrx_word' id='word_1_561' title='bbox 1561 4282 1641 4330; x_wconf 89' lang='lat' dir='ltr'>nocte</span> <span class='ocrx_word' id='word_1_562' title='bbox 1663 4282 1806 4343; x_wconf 82' lang='lat' dir='ltr'>surgerent</span> <span class='ocrx_word' id='word_1_563' title='bbox 1818 4285 1844 4328; x_wconf 90' lang='lat' dir='ltr'>et</span> <span class='ocrx_word' id='word_1_564' title='bbox 1856 4283 1911 4327; x_wconf 90' lang='lat' dir='ltr'>tres</span> 
     </span>
     <span class='ocr_line' id='line_1_43' title="bbox 294 4365 1912 4440; baseline -0.005 -12"><span class='ocrx_word' id='word_1_565' title='bbox 294 4368 1079 4440; x_wconf 74' lang='lat' dir='ltr'>siouia;uosquoquerespondcndoploramus,etdnm</span> <span class='ocrx_word' id='word_1_566' title='bbox 1128 4376 1278 4423; x_wconf 90' lang='lat' dir='ltr'>nocturnos</span> <span class='ocrx_word' id='word_1_567' title='bbox 1317 4371 1447 4430; x_wconf 90' lang='lat' dir='ltr'>continuo</span> <span class='ocrx_word' id='word_1_568' title='bbox 1482 4369 1668 4422; x_wconf 91' lang='lat' dir='ltr'>decantarent.</span> <span class='ocrx_word' id='word_1_569' title='bbox 1706 4365 1773 4422; x_wconf 82' lang='lat' dir='ltr'>Tres</span> <span class='ocrx_word' id='word_1_570' title='bbox 1803 4381 1912 4437; x_wconf 86' lang='lat' dir='ltr'>quoquc</span> 
     </span>
     <span class='ocr_line' id='line_1_44' title="bbox 294 4446 1911 4533; baseline -0.006 -13"><span class='ocrx_word' id='word_1_571' title='bbox 294 4465 394 4533; x_wconf 85' lang='lat' dir='ltr'>lector,</span> <span class='ocrx_word' id='word_1_572' title='bbox 411 4446 494 4518; x_wconf 89' lang='lat' dir='ltr'>veluti</span> <span class='ocrx_word' id='word_1_573' title='bbox 508 4460 596 4521; x_wconf 78' lang='lat' dir='ltr'>Filius</span> <span class='ocrx_word' id='word_1_574' title='bbox 615 4463 796 4528; x_wconf 88' lang='lat' dir='ltr'>manducans,</span> <span class='ocrx_word' id='word_1_575' title='bbox 811 4472 839 4517; x_wconf 87' lang='lat' dir='ltr'>et</span> <span class='ocrx_word' id='word_1_576' title='bbox 853 4461 969 4527; x_wconf 86' lang='lat' dir='ltr'>bibens,</span> <span class='ocrx_word' id='word_1_577' title='bbox 1000 4463 1080 4519; x_wconf 90' lang='lat' dir='ltr'>nobis</span> <span class='ocrx_word' id='word_1_578' title='bbox 1129 4462 1256 4516; x_wconf 89' lang='lat' dir='ltr'>nocturni</span> <span class='ocrx_word' id='word_1_579' title='bbox 1285 4457 1412 4516; x_wconf 78' lang='lat' dir='ltr'>Ecclesiae</span> <span class='ocrx_word' id='word_1_580' title='bbox 1442 4460 1567 4515; x_wconf 89' lang='lat' dir='ltr'>militiam</span> <span class='ocrx_word' id='word_1_581' title='bbox 1601 4468 1767 4525; x_wconf 80' lang='lat' dir='ltr'>memorant3</span> <span class='ocrx_word' id='word_1_582' title='bbox 1797 4473 1858 4528; x_wconf 83' lang='lat' dir='ltr'>quae</span> <span class='ocrx_word' id='word_1_583' title='bbox 1883 4457 1911 4510; x_wconf 93' lang='lat' dir='ltr'>in</span> 
     </span>
     <span class='ocr_line' id='line_1_45' title="bbox 295 4540 1910 4629; baseline -0.007 -15"><span class='ocrx_word' id='word_1_584' title='bbox 295 4559 334 4614; x_wconf 85' lang='lat' dir='ltr'>de</span> <span class='ocrx_word' id='word_1_585' title='bbox 344 4556 443 4629; x_wconf 85' lang='lat' dir='ltr'>gaudio</span> <span class='ocrx_word' id='word_1_586' title='bbox 457 4556 534 4628; x_wconf 87' lang='lat' dir='ltr'>regni</span> <span class='ocrx_word' id='word_1_587' title='bbox 549 4556 688 4627; x_wconf 89' lang='lat' dir='ltr'>proponit,</span> <span class='ocrx_word' id='word_1_588' title='bbox 705 4570 755 4611; x_wconf 91' lang='lat' dir='ltr'>nos</span> <span class='ocrx_word' id='word_1_589' title='bbox 782 4555 876 4610; x_wconf 89' lang='lat' dir='ltr'>itidem</span> <span class='ocrx_word' id='word_1_590' title='bbox 892 4557 1080 4626; x_wconf 88' lang='lat' dir='ltr'>respondendo</span> <span class='ocrx_word' id='word_1_591' title='bbox 1129 4555 1228 4610; x_wconf 90' lang='lat' dir='ltr'>castris</span> <span class='ocrx_word' id='word_1_592' title='bbox 1241 4552 1348 4608; x_wconf 83' lang='lat' dir='ltr'>liomini</span> <span class='ocrx_word' id='word_1_593' title='bbox 1367 4552 1418 4609; x_wconf 92' lang='lat' dir='ltr'>sub</span> <span class='ocrx_word' id='word_1_594' title='bbox 1437 4540 1720 4622; x_wconf 79' lang='lat' dir='ltr'>tribus&#39;temporilms,</span> <span class='ocrx_word' id='word_1_595' title='bbox 1735 4560 1798 4606; x_wconf 92' lang='lat' dir='ltr'>ante</span> <span class='ocrx_word' id='word_1_596' title='bbox 1814 4551 1910 4620; x_wconf 88' lang='lat' dir='ltr'>legem,</span> 
     </span>
     <span class='ocr_line' id='line_1_46' title="bbox 294 4638 1912 4724; baseline -0.007 -20"><span class='ocrx_word' id='word_1_597' title='bbox 294 4650 448 4724; x_wconf 87' lang='lat' dir='ltr'>psallamus</span> <span class='ocrx_word' id='word_1_598' title='bbox 468 4665 476 4703; x_wconf 75' lang='grc' dir='ltr'>ι</span> <span class='ocrx_word' id='word_1_599' title='bbox 497 4655 541 4707; x_wconf 83' lang='lat' dir='ltr'>est</span> <span class='ocrx_word' id='word_1_600' title='bbox 557 4656 648 4702; x_wconf 76' lang='lat' dir='ltr'>¹²men</span> <span class='ocrx_word' id='word_1_601' title='bbox 663 4646 691 4700; x_wconf 92' lang='lat' dir='ltr'>in</span> <span class='ocrx_word' id='word_1_602' title='bbox 703 4661 770 4702; x_wconf 90' lang='lat' dir='ltr'>casu</span> <span class='ocrx_word' id='word_1_603' title='bbox 790 4646 868 4701; x_wconf 91' lang='lat' dir='ltr'>aliter</span> <span class='ocrx_word' id='word_1_604' title='bbox 883 4645 951 4701; x_wconf 87' lang='lat' dir='ltr'>deri.</span> <span class='ocrx_word' id='word_1_605' title='bbox 964 4644 997 4701; x_wconf 86' lang='lat' dir='ltr'>Et</span> <span class='ocrx_word' id='word_1_606' title='bbox 1014 4661 1080 4700; x_wconf 91' lang='lat' dir='ltr'>con·</span> <span class='ocrx_word' id='word_1_607' title='bbox 1130 4647 1182 4702; x_wconf 92' lang='lat' dir='ltr'>sub</span> <span class='ocrx_word' id='word_1_608' title='bbox 1197 4647 1265 4717; x_wconf 87' lang='lat' dir='ltr'>lege,</span> <span class='ocrx_word' id='word_1_609' title='bbox 1279 4645 1330 4700; x_wconf 93' lang='lat' dir='ltr'>sub</span> <span class='ocrx_word' id='word_1_610' title='bbox 1341 4646 1426 4715; x_wconf 86' lang='lat' dir='ltr'>gratia</span> <span class='ocrx_word' id='word_1_611' title='bbox 1441 4643 1566 4699; x_wconf 88' lang='lat' dir='ltr'>militavit</span> <span class='ocrx_word' id='word_1_612' title='bbox 1585 4651 1612 4698; x_wconf 92' lang='lat' dir='ltr'>ct</span> <span class='ocrx_word' id='word_1_613' title='bbox 1633 4643 1742 4696; x_wconf 89' lang='lat' dir='ltr'>militat.</span> <span class='ocrx_word' id='word_1_614' title='bbox 1766 4638 1912 4706; x_wconf 82' lang='lat' dir='ltr'>Quodlibet</span> 
     </span>
     <span class='ocr_line' id='line_1_47' title="bbox 292 4733 1913 4812; baseline -0.008 -13"><span class='ocrx_word' id='word_1_615' title='bbox 292 4743 387 4800; x_wconf 81' lang='lat' dir='ltr'>sidera</span> <span class='ocrx_word' id='word_1_616' title='bbox 410 4739 484 4812; x_wconf 82' lang='lat' dir='ltr'>quod</span> <span class='ocrx_word' id='word_1_617' title='bbox 509 4754 572 4795; x_wconf 91' lang='lat' dir='ltr'>cum</span> <span class='ocrx_word' id='word_1_618' title='bbox 586 4738 699 4794; x_wconf 85' lang='lat' dir='ltr'>vocibus</span> <span class='ocrx_word' id='word_1_619' title='bbox 714 4738 896 4805; x_wconf 89' lang='lat' dir='ltr'>modulamur,</span> <span class='ocrx_word' id='word_1_620' title='bbox 917 4737 1081 4809; x_wconf 89' lang='lat' dir='ltr'>quandoque</span> <span class='ocrx_word' id='word_1_621' title='bbox 1097 4733 1118 4788; x_wconf 85' lang='lat' dir='ltr'>D</span> <span class='ocrx_word' id='word_1_622' title='bbox 1133 4754 1197 4794; x_wconf 90' lang='lat' dir='ltr'>vero</span> <span class='ocrx_word' id='word_1_623' title='bbox 1209 4747 1315 4808; x_wconf 90' lang='lat' dir='ltr'>tempus</span> <span class='ocrx_word' id='word_1_624' title='bbox 1326 4747 1381 4794; x_wconf 89' lang='lat' dir='ltr'>tres</span> <span class='ocrx_word' id='word_1_625' title='bbox 1400 4737 1481 4793; x_wconf 87' lang='lat' dir='ltr'>ltabet</span> <span class='ocrx_word' id='word_1_626' title='bbox 1498 4736 1698 4792; x_wconf 90' lang='lat' dir='ltr'>distinctiones.</span> <span class='ocrx_word' id='word_1_627' title='bbox 1714 4733 1832 4804; x_wconf 83' lang='lat' dir='ltr'>Tempus</span> <span class='ocrx_word' id='word_1_628' title='bbox 1849 4742 1913 4787; x_wconf 82' lang='lat' dir='ltr'>ante</span> 
     </span>
     <span class='ocr_line' id='line_1_48' title="bbox 292 4823 1913 4908; baseline -0.006 -18"><span class='ocrx_word' id='word_1_629' title='bbox 292 4835 439 4908; x_wconf 66' lang='lat' dir='ltr'>punctum</span> <span class='ocrx_word' id='word_1_630' title='bbox 460 4829 621 4895; x_wconf 87' lang='lat' dir='ltr'>innuimus,</span> <span class='ocrx_word' id='word_1_631' title='bbox 646 4829 812 4902; x_wconf 86' lang='lat' dir='ltr'>quandoque</span> <span class='ocrx_word' id='word_1_632' title='bbox 834 4828 956 4884; x_wconf 79' lang='lat' dir='ltr'>laetitiam</span> <span class='ocrx_word' id='word_1_633' title='bbox 981 4843 1080 4898; x_wconf 85' lang='lat' dir='ltr'>repra-</span> <span class='ocrx_word' id='word_1_634' title='bbox 1130 4832 1215 4902; x_wconf 87' lang='lat' dir='ltr'>legem</span> <span class='ocrx_word' id='word_1_635' title='bbox 1241 4831 1418 4901; x_wconf 88' lang='lat' dir='ltr'>distinguitur</span> <span class='ocrx_word' id='word_1_636' title='bbox 1433 4830 1468 4885; x_wconf 93' lang='lat' dir='ltr'>ab</span> <span class='ocrx_word' id='word_1_637' title='bbox 1490 4829 1575 4884; x_wconf 92' lang='lat' dir='ltr'>Adam</span> <span class='ocrx_word' id='word_1_638' title='bbox 1601 4841 1688 4897; x_wconf 89' lang='lat' dir='ltr'>usquc</span> <span class='ocrx_word' id='word_1_639' title='bbox 1717 4827 1751 4881; x_wconf 92' lang='lat' dir='ltr'>ad</span> <span class='ocrx_word' id='word_1_640' title='bbox 1765 4823 1832 4889; x_wconf 83' lang='lat' dir='ltr'>lioe,</span> <span class='ocrx_word' id='word_1_641' title='bbox 1848 4832 1876 4881; x_wconf 90' lang='lat' dir='ltr'>et</span> <span class='ocrx_word' id='word_1_642' title='bbox 1897 4839 1913 4880; x_wconf 92' lang='lat' dir='ltr'>a</span> 
     </span>
     <span class='ocr_line' id='line_1_49' title="bbox 294 4915 1913 4994; baseline -0.011 -7"><span class='ocrx_word' id='word_1_643' title='bbox 294 4939 450 4987; x_wconf 84' lang='lat' dir='ltr'>sentamns.</span> <span class='ocrx_word' id='word_1_644' title='bbox 468 4924 555 4982; x_wconf 88' lang='lat' dir='ltr'>lloces</span> <span class='ocrx_word' id='word_1_645' title='bbox 578 4933 669 4981; x_wconf 89' lang='lat' dir='ltr'>autem</span> <span class='ocrx_word' id='word_1_646' title='bbox 688 4938 806 4994; x_wconf 84' lang='lat' dir='ltr'>graves,</span> <span class='ocrx_word' id='word_1_647' title='bbox 834 4933 921 4978; x_wconf 80' lang='lat' dir='ltr'>acuta</span> <span class='ocrx_word' id='word_1_648' title='bbox 937 4932 964 4976; x_wconf 86' lang='lat' dir='ltr'>ct</span> <span class='ocrx_word' id='word_1_649' title='bbox 985 4935 1081 4990; x_wconf 87' lang='lat' dir='ltr'>super·</span> <span class='ocrx_word' id='word_1_650' title='bbox 1130 4923 1187 4978; x_wconf 85' lang='lat' dir='ltr'>Noa</span> <span class='ocrx_word' id='word_1_651' title='bbox 1205 4922 1334 4993; x_wconf 87' lang='lat' dir='ltr'>usquead</span> <span class='ocrx_word' id='word_1_652' title='bbox 1359 4922 1509 4987; x_wconf 80' lang='lat' dir='ltr'>Abrabam,</span> <span class='ocrx_word' id='word_1_653' title='bbox 1523 4927 1550 4974; x_wconf 88' lang='lat' dir='ltr'>ct</span> <span class='ocrx_word' id='word_1_654' title='bbox 1563 4919 1598 4974; x_wconf 91' lang='lat' dir='ltr'>ab</span> <span class='ocrx_word' id='word_1_655' title='bbox 1618 4918 1755 4973; x_wconf 85' lang='lat' dir='ltr'>Abraham</span> <span class='ocrx_word' id='word_1_656' title='bbox 1779 4915 1913 4988; x_wconf 87' lang='lat' dir='ltr'>usquead</span> 
     </span>
     <span class='ocr_line' id='line_1_50' title="bbox 295 5009 1911 5093; baseline -0.011 -14"><span class='ocrx_word' id='word_1_657' title='bbox 295 5031 399 5091; x_wconf 77' lang='lat' dir='ltr'>amtae,</span> <span class='ocrx_word' id='word_1_658' title='bbox 414 5019 570 5093; x_wconf 87' lang='lat' dir='ltr'>signilicant</span> <span class='ocrx_word' id='word_1_659' title='bbox 581 5028 637 5073; x_wconf 91' lang='lat' dir='ltr'>tres</span> <span class='ocrx_word' id='word_1_660' title='bbox 650 5016 761 5072; x_wconf 88' lang='lat' dir='ltr'>ordines</span> <span class='ocrx_word' id='word_1_661' title='bbox 788 5016 914 5071; x_wconf 79' lang='lat' dir='ltr'>bumana</span> <span class='ocrx_word' id='word_1_662' title='bbox 936 5029 1081 5071; x_wconf 87' lang='lat' dir='ltr'>conversa·</span> <span class='ocrx_word' id='word_1_663' title='bbox 1131 5014 1289 5087; x_wconf 84' lang='lat' dir='ltr'>lioysen.ln</span> <span class='ocrx_word' id='word_1_664' title='bbox 1301 5014 1389 5085; x_wconf 86' lang='lat' dir='ltr'>prima</span> <span class='ocrx_word' id='word_1_665' title='bbox 1400 5013 1574 5068; x_wconf 90' lang='lat' dir='ltr'>distinctione</span> <span class='ocrx_word' id='word_1_666' title='bbox 1584 5011 1728 5082; x_wconf 74' lang='lat' dir='ltr'>vigilavere</span> <span class='ocrx_word' id='word_1_667' title='bbox 1739 5011 1816 5077; x_wconf 88' lang='lat' dir='ltr'>Abel,</span> <span class='ocrx_word' id='word_1_668' title='bbox 1828 5009 1911 5073; x_wconf 86' lang='lat' dir='ltr'>Enos,</span> 
     </span>
     <span class='ocr_line' id='line_1_51' title="bbox 295 5100 1913 5183; baseline -0.012 -12"><span class='ocrx_word' id='word_1_669' title='bbox 295 5114 396 5183; x_wconf 85' lang='lat' dir='ltr'>tionis,</span> <span class='ocrx_word' id='word_1_670' title='bbox 416 5113 520 5170; x_wconf 86' lang='lat' dir='ltr'>scilicet</span> <span class='ocrx_word' id='word_1_671' title='bbox 549 5111 757 5182; x_wconf 83' lang='lat' dir='ltr'>conjugatorum</span> <span class='ocrx_word' id='word_1_672' title='bbox 771 5109 971 5165; x_wconf 87' lang='lat' dir='ltr'>continentium</span> <span class='ocrx_word' id='word_1_673' title='bbox 984 5115 1011 5161; x_wconf 91' lang='lat' dir='ltr'>et</span> <span class='ocrx_word' id='word_1_674' title='bbox 1029 5107 1081 5160; x_wconf 89' lang='lat' dir='ltr'>vir·</span> <span class='ocrx_word' id='word_1_675' title='bbox 1133 5108 1225 5163; x_wconf 82' lang='lat' dir='ltr'>Enoclt</span> <span class='ocrx_word' id='word_1_676' title='bbox 1238 5118 1263 5163; x_wconf 90' lang='lat' dir='ltr'>et</span> <span class='ocrx_word' id='word_1_677' title='bbox 1279 5106 1396 5161; x_wconf 84' lang='lat' dir='ltr'>Lamech</span> <span class='ocrx_word' id='word_1_678' title='bbox 1413 5105 1508 5175; x_wconf 85' lang='lat' dir='ltr'>:quod</span> <span class='ocrx_word' id='word_1_679' title='bbox 1524 5105 1551 5159; x_wconf 94' lang='lat' dir='ltr'>in</span> <span class='ocrx_word' id='word_1_680' title='bbox 1563 5113 1681 5174; x_wconf 88' lang='lat' dir='ltr'>quatuor</span> <span class='ocrx_word' id='word_1_681' title='bbox 1697 5103 1810 5173; x_wconf 86' lang='lat' dir='ltr'>psalmis</span> <span class='ocrx_word' id='word_1_682' title='bbox 1822 5100 1913 5155; x_wconf 88' lang='lat' dir='ltr'>innui·</span> 
     </span>
     <span class='ocr_line' id='line_1_52' title="bbox 296 5194 1913 5281; baseline -0.012 -17"><span class='ocrx_word' id='word_1_683' title='bbox 296 5211 411 5281; x_wconf 84' lang='lat' dir='ltr'>ginam;</span> <span class='ocrx_word' id='word_1_684' title='bbox 423 5206 632 5278; x_wconf 87' lang='lat' dir='ltr'>quitricesimo,</span> <span class='ocrx_word' id='word_1_685' title='bbox 646 5213 674 5260; x_wconf 90' lang='lat' dir='ltr'>et</span> <span class='ocrx_word' id='word_1_686' title='bbox 692 5207 877 5276; x_wconf 85' lang='lat' dir='ltr'>sexagesimo,</span> <span class='ocrx_word' id='word_1_687' title='bbox 891 5213 918 5259; x_wconf 94' lang='lat' dir='ltr'>et</span> <span class='ocrx_word' id='word_1_688' title='bbox 932 5200 1082 5258; x_wconf 87' lang='lat' dir='ltr'>centesimo</span> <span class='ocrx_word' id='word_1_689' title='bbox 1133 5212 1186 5258; x_wconf 89' lang='lat' dir='ltr'>tur.</span> <span class='ocrx_word' id='word_1_690' title='bbox 1203 5201 1326 5256; x_wconf 76' lang='lat' dir='ltr'>«Beatm</span> <span class='ocrx_word' id='word_1_691' title='bbox 1356 5200 1407 5264; x_wconf 89' lang='lat' dir='ltr'>vir,</span> <span class='ocrx_word' id='word_1_692' title='bbox 1426 5219 1436 5252; x_wconf 82' lang='lat' dir='ltr'>r</span> <span class='ocrx_word' id='word_1_693' title='bbox 1459 5206 1552 5254; x_wconf 90' lang='lat' dir='ltr'>cantat</span> <span class='ocrx_word' id='word_1_694' title='bbox 1567 5198 1634 5252; x_wconf 90' lang='lat' dir='ltr'>Abel</span> <span class='ocrx_word' id='word_1_695' title='bbox 1650 5196 1683 5260; x_wconf 79' lang='lat'>⁸⁸,</span> <span class='ocrx_word' id='word_1_696' title='bbox 1701 5194 1773 5265; x_wconf 77' lang='lat' dir='ltr'>«qui</span> <span class='ocrx_word' id='word_1_697' title='bbox 1784 5203 1913 5261; x_wconf 88' lang='lat' dir='ltr'>tanquam</span> 
     </span>
     <span class='ocr_line' id='line_1_53' title="bbox 297 5283 1915 5368; baseline -0.012 -11"><span class='ocrx_word' id='word_1_698' title='bbox 297 5300 392 5358; x_wconf 83' lang='lat' dir='ltr'>iructu</span> <span class='ocrx_word' id='word_1_699' title='bbox 407 5299 655 5355; x_wconf 89' lang='lat' dir='ltr'>remunerabuntur</span> <span class='ocrx_word' id='word_1_700' title='bbox 666 5299 700 5352; x_wconf 75' lang='lat'>¹⁹.</span> <span class='ocrx_word' id='word_1_701' title='bbox 719 5297 856 5367; x_wconf 84' lang='lat' dir='ltr'>ileljuxta</span> <span class='ocrx_word' id='word_1_702' title='bbox 878 5295 929 5350; x_wconf 89' lang='lat' dir='ltr'>tria</span> <span class='ocrx_word' id='word_1_703' title='bbox 942 5293 1080 5350; x_wconf 90' lang='lat' dir='ltr'>volumina</span> <span class='ocrx_word' id='word_1_704' title='bbox 1132 5299 1236 5368; x_wconf 75' lang='lat' dir='ltr'>lignum</span> <span class='ocrx_word' id='word_1_705' title='bbox 1250 5296 1401 5366; x_wconf 83' lang='lat' dir='ltr'>plantatum</span> <span class='ocrx_word' id='word_1_706' title='bbox 1414 5307 1494 5349; x_wconf 82' lang='lat' dir='ltr'>scens</span> <span class='ocrx_word' id='word_1_707' title='bbox 1514 5293 1645 5347; x_wconf 83' lang='lat' dir='ltr'>decursus</span> <span class='ocrx_word' id='word_1_708' title='bbox 1668 5301 1801 5358; x_wconf 86' lang='lat' dir='ltr'>aquarum</span> <span class='ocrx_word' id='word_1_709' title='bbox 1818 5303 1827 5335; x_wconf 76' lang='lat' dir='ltr'>a</span> <span class='ocrx_word' id='word_1_710' title='bbox 1841 5283 1915 5338; x_wconf 89' lang='lat' dir='ltr'>dedit</span> 
     </span>
     <span class='ocr_line' id='line_1_54' title="bbox 298 5375 1915 5462; baseline -0.013 -13"><span class='ocrx_word' id='word_1_711' title='bbox 298 5392 469 5459; x_wconf 82' lang='lat' dir='ltr'>Salomonis,</span> <span class='ocrx_word' id='word_1_712' title='bbox 493 5391 693 5462; x_wconf 90' lang='lat' dir='ltr'>incipientium,</span> <span class='ocrx_word' id='word_1_713' title='bbox 716 5390 917 5462; x_wconf 86' lang='lat' dir='ltr'>proficientium</span> <span class='ocrx_word' id='word_1_714' title='bbox 941 5398 968 5444; x_wconf 90' lang='lat' dir='ltr'>et</span> <span class='ocrx_word' id='word_1_715' title='bbox 991 5386 1080 5458; x_wconf 84' lang='lat' dir='ltr'>perle-</span> <span class='ocrx_word' id='word_1_716' title='bbox 1137 5391 1190 5444; x_wconf 78' lang='lat' dir='ltr'>rin</span> <span class='ocrx_word' id='word_1_717' title='bbox 1207 5402 1258 5444; x_wconf 90' lang='lat' dir='ltr'>suo</span> <span class='ocrx_word' id='word_1_718' title='bbox 1275 5395 1393 5455; x_wconf 91' lang='lat' dir='ltr'>tempore</span> <span class='ocrx_word' id='word_1_719' title='bbox 1415 5383 1529 5455; x_wconf 80' lang='lat' dir='ltr'>justitia</span> <span class='ocrx_word' id='word_1_720' title='bbox 1554 5381 1673 5436; x_wconf 90' lang='lat' dir='ltr'>iructum</span> <span class='ocrx_word' id='word_1_721' title='bbox 1688 5378 1721 5444; x_wconf 75' lang='lat'>⁸⁸,</span> <span class='ocrx_word' id='word_1_722' title='bbox 1749 5375 1847 5430; x_wconf 79' lang='lat' dir='ltr'>»dom</span> <span class='ocrx_word' id='word_1_723' title='bbox 1865 5388 1915 5443; x_wconf 90' lang='lat' dir='ltr'>pro</span> 
     </span>
     <span class='ocr_line' id='line_1_55' title="bbox 246 5467 1915 5557; baseline -0.017 -7"><span class='ocrx_word' id='word_1_724' title='bbox 246 5486 254 5499; x_wconf 84' lang='lat'>&#39;</span> <span class='ocrx_word' id='word_1_725' title='bbox 297 5499 418 5549; x_wconf 65' lang='lat' dir='ltr'>aarum.</span> <span class='ocrx_word' id='word_1_726' title='bbox 431 5485 479 5543; x_wconf 79' lang='lat' dir='ltr'>tet</span> <span class='ocrx_word' id='word_1_727' title='bbox 494 5486 699 5557; x_wconf 87' lang='lat' dir='ltr'>responsorium</span> <span class='ocrx_word' id='word_1_728' title='bbox 712 5483 911 5555; x_wconf 90' lang='lat' dir='ltr'>dicitur,quia</span> <span class='ocrx_word' id='word_1_729' title='bbox 929 5483 1014 5537; x_wconf 86' lang='lat' dir='ltr'>choro</span> <span class='ocrx_word' id='word_1_730' title='bbox 1035 5495 1082 5535; x_wconf 90' lang='lat' dir='ltr'>ca·</span> <span class='ocrx_word' id='word_1_731' title='bbox 1131 5482 1237 5557; x_wconf 87' lang='lat' dir='ltr'>justitia</span> <span class='ocrx_word' id='word_1_732' title='bbox 1259 5478 1444 5535; x_wconf 83' lang='lat' dir='ltr'>conservanda</span> <span class='ocrx_word' id='word_1_733' title='bbox 1466 5475 1606 5532; x_wconf 90' lang='lat' dir='ltr'>occubuit.</span> <span class='ocrx_word' id='word_1_734' title='bbox 1637 5471 1763 5538; x_wconf 79' lang='lat' dir='ltr'>«Quare</span> <span class='ocrx_word' id='word_1_735' title='bbox 1793 5467 1915 5525; x_wconf 78' lang='lat' dir='ltr'>fremue-</span> 
     </span>
     <span class='ocr_line' id='line_1_56' title="bbox 295 5564 1915 5650; baseline -0.015 -12"><span class='ocrx_word' id='word_1_736' title='bbox 295 5579 378 5638; x_wconf 82' lang='lat' dir='ltr'>nenti</span> <span class='ocrx_word' id='word_1_737' title='bbox 399 5577 626 5650; x_wconf 84' lang='lat' dir='ltr'>responsorium,</span> <span class='ocrx_word' id='word_1_738' title='bbox 649 5591 749 5633; x_wconf 90' lang='lat' dir='ltr'>versus</span> <span class='ocrx_word' id='word_1_739' title='bbox 771 5576 806 5631; x_wconf 90' lang='lat' dir='ltr'>ab</span> <span class='ocrx_word' id='word_1_740' title='bbox 820 5590 874 5630; x_wconf 91' lang='lat' dir='ltr'>uno</span> <span class='ocrx_word' id='word_1_741' title='bbox 891 5573 1082 5645; x_wconf 89' lang='lat' dir='ltr'>respondetur,</span> <span class='ocrx_word' id='word_1_742' title='bbox 1133 5584 1196 5632; x_wconf 79' lang='lat' dir='ltr'>runt</span> <span class='ocrx_word' id='word_1_743' title='bbox 1212 5574 1246 5637; x_wconf 77' lang='lat'>⁶¹,</span> <span class='ocrx_word' id='word_1_744' title='bbox 1263 5592 1273 5624; x_wconf 80' lang='grc' dir='ltr'><strong>ι</strong></span> <span class='ocrx_word' id='word_1_745' title='bbox 1291 5580 1381 5633; x_wconf 86' lang='lat' dir='ltr'>cantat</span> <span class='ocrx_word' id='word_1_746' title='bbox 1404 5569 1477 5626; x_wconf 84' lang='lat' dir='ltr'>Enos</span> <span class='ocrx_word' id='word_1_747' title='bbox 1492 5568 1539 5637; x_wconf 90' lang='lat' dir='ltr'>qui</span> <span class='ocrx_word' id='word_1_748' title='bbox 1558 5566 1673 5620; x_wconf 86' lang='lat' dir='ltr'>Domino</span> <span class='ocrx_word' id='word_1_749' title='bbox 1693 5565 1722 5619; x_wconf 93' lang='lat' dir='ltr'>in</span> <span class='ocrx_word' id='word_1_750' title='bbox 1741 5564 1839 5618; x_wconf 84' lang='lat' dir='ltr'>timore</span> <span class='ocrx_word' id='word_1_751' title='bbox 1857 5576 1915 5617; x_wconf 89' lang='lat' dir='ltr'>ser·</span> 
     </span>
     <span class='ocr_line' id='line_1_57' title="bbox 297 5655 1913 5745; baseline -0.019 -6"><span class='ocrx_word' id='word_1_752' title='bbox 297 5673 349 5745; x_wconf 73' lang='lat' dir='ltr'>qni</span> <span class='ocrx_word' id='word_1_753' title='bbox 362 5673 445 5729; x_wconf 63' lang='lat' dir='ltr'>ellim</span> <span class='ocrx_word' id='word_1_754' title='bbox 464 5687 562 5727; x_wconf 64' lang='lat' dir='ltr'>velidi</span> <span class='ocrx_word' id='word_1_755' title='bbox 576 5670 691 5735; x_wconf 69' lang='lat' dir='ltr'>dicl¹¹1l3</span> <span class='ocrx_word' id='word_1_756' title='bbox 712 5668 841 5740; x_wconf 79' lang='lat' dir='ltr'>qnoniam</span> <span class='ocrx_word' id='word_1_757' title='bbox 871 5667 903 5722; x_wconf 90' lang='lat' dir='ltr'>ad</span> <span class='ocrx_word' id='word_1_758' title='bbox 933 5681 1082 5737; x_wconf 88' lang='lat' dir='ltr'>responso·</span> <span class='ocrx_word' id='word_1_759' title='bbox 1134 5670 1201 5723; x_wconf 91' lang='lat' dir='ltr'>vivit</span> <span class='ocrx_word' id='word_1_760' title='bbox 1212 5668 1245 5734; x_wconf 81' lang='lat'>⁸⁸,</span> <span class='ocrx_word' id='word_1_761' title='bbox 1259 5665 1323 5720; x_wconf 92' lang='lat' dir='ltr'>dum</span> <span class='ocrx_word' id='word_1_762' title='bbox 1348 5680 1445 5719; x_wconf 91' lang='lat' dir='ltr'>nomen</span> <span class='ocrx_word' id='word_1_763' title='bbox 1464 5661 1571 5718; x_wconf 84' lang='lat' dir='ltr'>Domini</span> <span class='ocrx_word' id='word_1_764' title='bbox 1598 5655 1913 5720; x_wconf 77' lang='lat' dir='ltr'>intvocavtt.‹boninc,</span> 
     </span>
     <span class='ocr_line' id='line_1_58' title="bbox 298 5751 1915 5835; baseline -0.015 -7"><span class='ocrx_word' id='word_1_765' title='bbox 298 5765 373 5824; x_wconf 79' lang='lat' dir='ltr'>riam</span> <span class='ocrx_word' id='word_1_766' title='bbox 398 5764 513 5821; x_wconf 83' lang='lat' dir='ltr'>vertitur</span> <span class='ocrx_word' id='word_1_767' title='bbox 537 5772 568 5821; x_wconf 89' lang='lat' dir='ltr'>nt</span> <span class='ocrx_word' id='word_1_768' title='bbox 583 5771 668 5818; x_wconf 86' lang='lat' dir='ltr'>tntum</span> <span class='ocrx_word' id='word_1_769' title='bbox 685 5761 887 5832; x_wconf 78' lang='lat' dir='ltr'>responsorium</span> <span class='ocrx_word' id='word_1_770' title='bbox 904 5762 1025 5818; x_wconf 82' lang='lat' dir='ltr'>iteretur.</span> <span class='ocrx_word' id='word_1_771' title='bbox 1041 5759 1082 5812; x_wconf 84' lang='lat' dir='ltr'>vel</span> <span class='ocrx_word' id='word_1_772' title='bbox 1135 5762 1201 5835; x_wconf 82' lang='lat' dir='ltr'>qnid</span> <span class='ocrx_word' id='word_1_773' title='bbox 1217 5758 1385 5830; x_wconf 79' lang='lat' dir='ltr'>nrulttpltcati</span> <span class='ocrx_word' id='word_1_774' title='bbox 1403 5764 1468 5813; x_wconf 86' lang='lat' dir='ltr'>sunt</span> <span class='ocrx_word' id='word_1_775' title='bbox 1484 5756 1518 5822; x_wconf 79' lang='lat'>⁸²,</span> <span class='ocrx_word' id='word_1_776' title='bbox 1537 5775 1546 5808; x_wconf 87' lang='lat' dir='ltr'>t</span> <span class='ocrx_word' id='word_1_777' title='bbox 1562 5761 1653 5810; x_wconf 79' lang='lat' dir='ltr'>canat</span> <span class='ocrx_word' id='word_1_778' title='bbox 1667 5751 1760 5810; x_wconf 78' lang='lat' dir='ltr'>Ernoclt</span> <span class='ocrx_word' id='word_1_779' title='bbox 1777 5751 1811 5818; x_wconf 81' lang='lat'>⁸⁸,</span> <span class='ocrx_word' id='word_1_780' title='bbox 1833 5764 1915 5821; x_wconf 68' lang='lat' dir='ltr'>agnen</span> 
     </span>
    </p>
   </div>
   <div class='ocr_carea' id='block_1_4' title="bbox 272 5930 1914 6090">
    <p class='ocr_par' dir='ltr' id='par_1_8' title="bbox 272 5930 1914 6090">
     <span class='ocr_line' id='line_1_59' title="bbox 337 5930 1914 6003; baseline -0.01 -3"><span class='ocrx_word' id='word_1_781' title='bbox 337 5944 490 6002; x_wconf 75' lang='lat' dir='ltr'>&#39;‘lioan.</span> <span class='ocrx_word' id='word_1_782' title='bbox 513 5947 539 6002; x_wconf 77' lang='lat' dir='ltr'>i.</span> <span class='ocrx_word' id='word_1_783' title='bbox 577 5944 681 6002; x_wconf 81' lang='lat' dir='ltr'>uLuc.</span> <span class='ocrx_word' id='word_1_784' title='bbox 706 5945 749 6001; x_wconf 67' lang='lat' dir='ltr'>li.</span> <span class='ocrx_word' id='word_1_785' title='bbox 787 5943 978 6003; x_wconf 74' lang='lat' dir='ltr'>&#39;&#39;tlattntt</span> <span class='ocrx_word' id='word_1_786' title='bbox 1017 5942 1147 5999; x_wconf 69' lang='lat' dir='ltr'>”blnttln</span> <span class='ocrx_word' id='word_1_787' title='bbox 1173 5944 1199 5998; x_wconf 82' lang='lat'>5.</span> <span class='ocrx_word' id='word_1_788' title='bbox 1237 5941 1372 5996; x_wconf 84' lang='lat' dir='ltr'>&#39;’llatth.</span> <span class='ocrx_word' id='word_1_789' title='bbox 1396 5938 1438 5994; x_wconf 72' lang='lat' dir='ltr'>ts.</span> <span class='ocrx_word' id='word_1_790' title='bbox 1491 5939 1512 5972; x_wconf 81' lang='lat'>⁸·</span> <span class='ocrx_word' id='word_1_791' title='bbox 1536 5937 1629 5995; x_wconf 86' lang='lat' dir='ltr'>lCur.</span> <span class='ocrx_word' id='word_1_792' title='bbox 1658 5939 1683 5994; x_wconf 91' lang='lat' dir='ltr'>l.</span> <span class='ocrx_word' id='word_1_793' title='bbox 1735 5937 1756 5968; x_wconf 85' lang='lat'>⁸¹</span> <span class='ocrx_word' id='word_1_794' title='bbox 1776 5932 1844 5991; x_wconf 84' lang='lat' dir='ltr'>Luc.</span> <span class='ocrx_word' id='word_1_795' title='bbox 1870 5930 1914 5986; x_wconf 77' lang='lat' dir='ltr'>tt.</span> 
     </span>
     <span class='ocr_line' id='line_1_60' title="bbox 272 6008 1632 6090; baseline -0.007 -14"><span class='ocrx_word' id='word_1_796' title='bbox 272 6017 495 6090; x_wconf 67' lang='lat' dir='ltr'>···l’sat.tat,</span> <span class='ocrx_word' id='word_1_797' title='bbox 534 6017 690 6088; x_wconf 66' lang='lat' dir='ltr'>‘&#39;Getul.</span> <span class='ocrx_word' id='word_1_798' title='bbox 730 6013 882 6082; x_wconf 66' lang='lat' dir='ltr'>‘&#39;Psall.</span> <span class='ocrx_word' id='word_1_799' title='bbox 919 6013 1066 6071; x_wconf 70' lang='lat' dir='ltr'>“Psali.</span> <span class='ocrx_word' id='word_1_800' title='bbox 1108 6013 1251 6070; x_wconf 72' lang='lat' dir='ltr'>“Geni.</span> <span class='ocrx_word' id='word_1_801' title='bbox 1292 6009 1442 6067; x_wconf 69' lang='lat' dir='ltr'>”Psalin</span> <span class='ocrx_word' id='word_1_802' title='bbox 1482 6008 1632 6066; x_wconf 69' lang='lat' dir='ltr'>“Gt-nd.</span> 
     </span>
    </p>
   </div>
   <div class='ocr_carea' id='block_1_5' title="bbox 0 0 2209 6708">
    <p class='ocr_par' dir='ltr' id='par_1_9' title="bbox 0 0 2209 6708">
     <span class='ocr_line' id='line_1_61' title="bbox 0 0 2209 6708; baseline 0 0"><span class='ocrx_word' id='word_1_803' title='bbox 0 0 2209 6708; x_wconf 95' lang='lat' dir='ltr'> </span> 
     </span>
    </p>
   </div>
  </div>
 </body>
</html>
