4350 6709
225 559 278 617 895
736 555 943 614 intentius
963 556 1146 615 ADVERSUS
1162 557 1324 616 tenebit.
1784 562 1841 620 806

224 672 395 746 mysterium.
422 671 467 726 dit
484 674 556 729 enim
580 672 644 728 mihi
663 672 793 730 Dominus
809 693 816 729 ε
831 673 943 729 Eacaca
962 690 1007 727 cor
1019 679 1044 742 Α
1057 681 1084 729 ει
1099 674 1183 728 lilium
1194 655 1368 744 germinabit,
1383 689 1434 729 nec
1446 682 1538 729 tamen
1559 673 1666 732 Patrem
1688 686 1735 732 aut
1757 674 1846 749 Spiri-

223 768 316 838 pepeii
327 767 416 835 itajns,
433 776 462 821 ut
477 766 601 836 ‹prramvis
615 767 743 830 audiatis,
758 774 916 822 tamennon
931 767 1009 822 intel·
1058 773 1117 821 tum
1142 775 1278 830 sanctum,
1293 767 1341 822 sed
1357 768 1545 824 tantummodo
1560 770 1696 840 concipiet
1708 774 1736 826 et
1757 772 1847 842 pariet

224 859 328 932 ligatis.
355 856 476 914 videatis
500 857 583 913 Deum
608 857 744 914 hominem
773 859 932 925 laetamen
952 874 1007 915 noa
1057 855 1166 913 Filium.
1192 857 1319 913 Genitum
1345 859 1379 914 ab
1394 867 1496 915 aterno
1516 860 1662 930 concipiet,
1682 870 1846 932 conceptum
1903 882 1907 895 ·

225 950 380 1022 agnoscatis
396 966 469 1005 eum.
492 949 604 1006 Frustra
625 964 690 1020 ergo
711 948 797 1006 iudaei
817 950 952 1006 aiitcmant
977 965 1008 1007 se
1057 964 1089 1004 ex
1115 958 1236 1020 tempore
1264 953 1351 1021 pariet
1380 951 1549 1021 unigenitum
1575 953 1709 1009 ditissimi
1733 953 1843 1012 Filium.

224 1043 297 1099 banc
313 1041 484 1111 prophetiam
503 1042 663 1112 intelligere,
685 1056 747 1094 cum
763 1041 798 1095 ab
819 1040 879 1111 ipso
893 1039 1007 1100 Domino
1057 1038 1128 1104 Quid
1149 1048 1246 1095 natura
1271 1043 1400 1098 miraris?
1421 1042 1515 1099 Virtus
1538 1044 1585 1100 Dei
1608 1053 1650 1101 est
1673 1045 1746 1115 qtrod
1761 1044 1846 1116 Virgo

224 1149 274 1189 cor
291 1148 386 1189 eorum
402 1133 569 1187 obcaecatam
584 1133 619 1188 sit
631 1140 659 1187 et
673 1132 842 1194 induratum,
855 1132 883 1187 id
898 1139 940 1188 εει
954 1144 1007 1187 cae·
1056 1132 1202 1202 concipiet,
1226 1134 1356 1190 snitu-ohe
1382 1149 1513 1202 cursum,
1537 1151 1588 1192 neo
1615 1153 1724 1207 quaeras
1751 1154 1843 1196 usum.

223 1223 330 1278 caniet
354 1223 478 1278 indurari
493 1223 668 1292 permissum,
684 1224 846 1294 ablatusque
860 1224 896 1278 sit
918 1223 953 1279 ab
966 1221 1006 1279 eie
1056 1219 1152 1276 Cesset
1177 1223 1357 1287 consuetudo,
1383 1233 1503 1281 mutetur
1527 1227 1640 1298 agnitio.
1662 1226 1726 1284 Sola
1751 1229 1845 1284 divina

224 1316 381 1372 intellectas
404 1315 555 1386 prophetiae
581 1315 673 1384 hujus,
701 1329 736 1370 ne
759 1323 955 1370 convertantur
978 1320 1006 1370 ει
1055 1314 1127 1368 ratio
1150 1316 1305 1384 praevaleat,
1328 1317 1373 1370 cui
1396 1319 1487 1371 omnia
1510 1319 1650 1388 possibilia
1673 1327 1749 1386 sunt,
1764 1322 1846 1391 cajus

224 1414 365 1461 sanentur.
381 1405 494 1471 Audite,
509 1405 615 1475 inquit,
635 1405 728 1459 dantur
747 1405 843 1461 Dauid.
860 1406 943 1462 Estne
957 1422 1006 1478 pa-
1055 1405 1125 1460 velle
1137 1408 1269 1476 potentia,
1285 1406 1364 1476 cuijus
1376 1422 1456 1477 posse
1478 1416 1521 1463 est
1532 1409 1635 1465 omnia.
1649 1408 1734 1481 Virgo
1751 1413 1847 1467 conei-

222 1515 284 1554 rum
298 1497 377 1553 robis
392 1497 464 1568 quod
478 1496 586 1552 molesti
606 1499 674 1552 estis
693 1495 862 1560 hominibus,
875 1512 931 1552 noa
945 1513 1006 1552 cre·
1056 1495 1122 1566 pict,
1133 1511 1188 1551 non
1201 1513 1234 1553 ex
1248 1498 1345 1553 ardore
1358 1499 1461 1567 carnis,
1476 1500 1523 1554 sed
1534 1515 1566 1554 ex
1583 1515 1675 1557 amore
1688 1502 1795 1573 divino;
1810 1504 1846 1562 de

222 1589 319 1645 dentes
333 1604 365 1643 ea
380 1603 440 1659 que
458 1587 596 1658 prophetae
609 1589 801 1656 praenuntiant,
818 1587 865 1657 qui
881 1588 1005 1644 homines
1056 1589 1168 1652 virtute,
1181 1604 1235 1644 non
1250 1589 1283 1645 de
1299 1590 1364 1645 uitio
1374 1607 1382 1658 ;
1393 1589 1426 1646 de
1436 1591 1575 1655 Crantore,
1588 1608 1641 1647 non
1657 1593 1690 1648 de
1701 1601 1843 1661 creatura,

222 1691 298 1749 sunt,
316 1682 368 1738 nisi
385 1681 493 1737 molesti
507 1681 573 1736 estis
595 1687 622 1736 et
635 1679 690 1735 Deo
707 1695 782 1745 meo,
794 1695 849 1736 non
863 1683 1005 1739 credentes
1056 1677 1109 1734 hoe
1122 1687 1165 1734 est
1178 1679 1211 1735 de
1227 1678 1329 1750 Spiritu
1343 1690 1448 1736 sancto.
1460 1680 1553 1739 Virtus
1563 1683 1695 1740 ditissimi
1705 1685 1842 1757 eritquod
1915 1704 1919 1719 ¹

222 1775 298 1846 quod
317 1774 376 1846 ipse
392 1773 469 1830 uobis
481 1771 650 1842 hocsignum
665 1770 780 1827 daturus
794 1772 840 1836 sit,
853 1773 926 1843 quod
939 1787 1003 1842 pro·
1055 1772 1201 1841 concipiet,
1218 1780 1244 1826 ct
1258 1772 1387 1828 virtutem
1403 1775 1547 1840 ditissimi,
1561 1774 1613 1831 hoe
1625 1785 1667 1832 est
1681 1775 1727 1832 Dei
1743 1777 1842 1834 Filium

221 1865 486 1937 ntittitiProptcrea
501 1881 566 1931 non,
576 1880 630 1920 non
645 1863 690 1919 liet
703 1880 753 1934 per
769 1864 852 1919 alitum
867 1864 941 1935 quod
955 1865 1005 1919 da·
1054 1862 1153 1931 pariet.
1166 1860 1199 1915 Et
1213 1864 1277 1934 quia
1295 1879 1350 1918 uon
1373 1864 1425 1919 erit
1445 1866 1541 1920 vitium
1565 1867 1594 1922 ia
1620 1876 1765 1939 conceptu,
1788 1885 1845 1926 noa

219 1971 301 2018 turus
315 1969 373 2028 est;
395 1959 443 2016 sed
468 1960 527 2030 ipse
539 1958 614 2014 dabit
634 1957 714 2014 robis
732 1958 858 2029 signum,
873 1957 946 2028 quod
962 1963 1005 2014 est
1054 1953 1107 2007 erit
1130 1953 1275 2010 difficultas
1298 1955 1326 2010 iu
1347 1965 1438 2024 partu,
1461 1958 1525 2029 qrtia
1552 1946 1637 2030 virgo
1653 1961 1790 2032 concipiet
1817 1968 1845 2016 ct

220 2070 250 2110 se
265 2054 355 2124 ipsum
368 2070 377 2120 ;
392 2049 464 2123 quod
478 2049 602 2122 quamvis
620 2047 746 2115 audiatis,
764 2063 819 2102 raon
834 2046 1001 2118 intelligetis,
1018 2037 1040 2092 Β
1054 2045 1130 2116 uirgo
1144 2045 1241 2116 pariet.
1257 2046 1336 2102 Absit
1349 2048 1422 2103 euim
1437 2063 1452 2103 a
1466 2049 1608 2106 diuinitate
1619 2054 1844 2124 corruptioque

219 2147 287 2219 quia
302 2144 396 2201 cecati
411 2143 478 2199 estis
496 2147 524 2197 et
539 2140 668 2207 indurati,
687 2154 722 2195 ne
740 2139 818 2195 vobin
830 2139 937 2210 signam
951 2137 1004 2194 hac
1052 2145 1153 2192 cuncta
1168 2140 1268 2194 virtute
1283 2146 1415 2209 penetrat,
1430 2143 1551 2211 potentia
1565 2151 1665 2198 cuncta
1680 2145 1841 2216 perlustrat.

214 2240 315 2297 ueniat
328 2237 357 2293 ia
368 2235 497 2300 salutem,
508 2234 557 2290 sed
568 2233 614 2288 iat
633 2233 692 2302 ipse
704 2231 782 2287 vobis
796 2231 866 2302 lapis
876 2230 1004 2288 oiieusio·
1052 2228 1106 2296 Qui
1127 2245 1158 2286 se
1173 2231 1276 2300 absque
1291 2232 1365 2286 omni
1390 2234 1515 2303 coepturis
1530 2234 1642 2291 laesione
1657 2236 1756 2309 ingerit
1770 2238 1845 2295 desi·

220 2332 265 2387 nis
282 2337 310 2387 ει
323 2336 399 2401 petra
420 2327 542 2385 scandali
558 2325 584 2397 (i
597 2325 670 2380 Pete.
690 2326 723 2396 n)
738 2325 766 2379 in
787 2325 913 2395 laqueum
930 2332 958 2381 et
975 2325 1003 2380 iu
1053 2322 1130 2378 derio
1153 2324 1254 2379 mentis
1271 2323 1407 2389 humane,
1425 2342 1480 2381 non
1500 2330 1599 2398 poterit
1624 2332 1699 2386 satra
1719 2333 1843 2402 corporis

220 2416 343 2476 ruinam.
358 2417 419 2472 Non
434 2417 480 2472 ilet
503 2416 576 2486 quod
592 2423 671 2471 antea
692 2415 794 2469 iactum
815 2423 867 2481 est,
880 2424 927 2470 aut
940 2425 1004 2486 post
1052 2415 1209 2487 integritate
1224 2418 1299 2472 nasci
1319 2417 1353 2473 de
1375 2417 1500 2490 Virginei
1514 2420 1566 2491 Qpi
1581 2438 1638 2479 non
1653 2423 1749 2481 diuidit
1764 2433 1844 2481 terrae

220 2513 289 2569 illud
308 2512 430 2567 iuturum
451 2509 517 2581 quid
540 2509 640 2573 simile,
657 2509 705 2564 scd
729 2509 801 2579 quod
815 2524 883 2566 usus
899 2517 1003 2565 nature
1052 2508 1153 2562 molem
1166 2516 1194 2562 et
1209 2516 1298 2563 tannen
1313 2510 1434 2565 intuetur
1444 2513 1570 2584 abyssos,
1579 2531 1634 2571 non
1649 2518 1751 2586 poterit
1765 2517 1842 2572 salua

213 2606 327 2663 ¹nesciet
340 2612 368 2660 et
382 2604 501 2660 humana
513 2603 584 2658 ratio
597 2602 742 2674 ignorabit.
1052 2602 1148 2656 matris
1162 2602 1315 2673 integritate
1331 2603 1458 2672 prodire?
1476 2603 1567 2663 Facile
1589 2615 1631 2664 εει
1658 2611 1841 2681 omnipotenti
1894 2653 1898 2659 .

219 2715 304 2787 &gna
320 2714 404 2769 mgna
418 2713 445 2767 g„
459 2712 602 2779 Sem-mm
617 2721 820 2765 mmmmm
830 2710 956 2768 ,ng-„m
967 2742 1003 2753 ,
1052 2693 1099 2763 qui
1114 2699 1212 2748 ctrneta
1227 2694 1329 2748 creavit
1339 2710 1372 2749 ex
1384 2695 1468 2752 nihilo
1487 2712 1587 2768 corpus
1597 2698 1715 2756 iormare
1729 2700 1763 2757 de
1776 2717 1842 2758 car·

386 2783 508 2837 dominic
524 2783 688 2853 quadruplex
701 2783 825 2851 [armaio
1052 2800 1129 2855 pore,
1148 2793 1175 2839 ct
1200 2800 1272 2840 novo
1286 2787 1368 2842 modo
1391 2804 1490 2844 notum
1509 2788 1647 2848 hominem
1663 2803 1761 2863 quarta
1781 2793 1842 2850 rice

255 2876 301 2933 75.
313 2874 380 2931 Ecce
392 2877 464 2946 ningo
474 2876 611 2946 concipiet,
626 2887 651 2929 et
663 2876 746 2944 pariet
760 2875 845 2944 filiunt
857 2873 926 2946 (ica.
940 2875 1001 2944 uir).
1052 2877 1181 2933 iormace.
1206 2877 1327 2933 Primum
1352 2895 1468 2951 namque
1493 2882 1620 2938 iormarit
1645 2883 1782 2940 hominem
1806 2884 1842 2945 da

218 2971 291 3026 Ecce
306 2984 418 3034 novum,
433 2983 498 3024 ecce
521 2969 646 3024 mirabile
661 2968 768 3026 seculis
788 2969 960 3034 inusitatum,
976 2977 1003 3024 ει
1053 2970 1118 3024 limo
1148 2977 1236 3036 terrae,
1251 2971 1372 3026 secundo
1393 2971 1519 3028 iormarit
1542 2975 1683 3030 mulierem
1699 2977 1733 3032 de
1756 2977 1842 3035 latere

219 3061 346 3118 humanis
368 3062 480 3116 auribus
504 3060 664 3116 inauditum.
682 3060 751 3117 Eece
776 3076 826 3131 pro
850 3077 903 3116 uua
927 3068 1003 3117 costa
1051 3064 1114 3128 viri,
1126 3065 1207 3118 tertio
1222 3063 1257 3118 de
1268 3067 1459 3122 commistione
1478 3066 1562 3121 maris
1579 3075 1606 3122 ει
1628 3067 1744 3134 lentina,
1759 3084 1841 3140 quiar-

220 3169 302 3223 quam
317 3154 379 3207 tulit
394 3152 525 3209 Dominus
540 3153 573 3208 de
592 3153 677 3207 eldam
704 3160 734 3207 ut
754 3152 884 3207 incineret
899 3169 957 3208 eam
975 3155 1002 3208 in
1052 3163 1111 3209 tum
1128 3170 1214 3226 genus
1234 3166 1276 3212 est
1297 3156 1370 3227 quud
1385 3158 1456 3227 aicpo
1467 3159 1593 3229 concipiet
1607 3169 1632 3212 et
1644 3161 1730 3227 pariet
1742 3162 1839 3230 fitium.

218 3243 372 3308 mulierem,
385 3244 513 3299 reddetur
527 3258 575 3313 pro
595 3259 658 3298 osse
677 3244 727 3306 rir,
740 3259 789 3313 pro
805 3259 881 3299 costa
901 3259 1002 3313 corpus
1054 3242 1134 3300 Prius
1150 3244 1200 3299 iuit
1213 3246 1312 3300 mulier
1324 3246 1383 3301 sine
1394 3248 1507 3302 muliere
1519 3247 1632 3303 iormata
1644 3248 1678 3303 de
1689 3253 1758 3318 viro,
1767 3267 1841 3307 nunc

217 3336 368 3407 integrum
382 3343 409 3391 et
430 3351 492 3406 quae
513 3335 600 3390 virum
622 3335 738 3404 decepit,
760 3335 811 3389 viri
830 3335 1001 3405 deceptorem
1053 3336 1095 3391 uir
1106 3337 1165 3394 sine
1176 3338 1234 3393 viro
1245 3340 1279 3393 de
1292 3339 1406 3394 muliere
1419 3338 1590 3405 iortnabitur,
1605 3343 1668 3410 qaia
1688 3340 1767 3412 Virgo
1778 3359 1841 3397 con-

218 3429 347 3498 dectpiet,
364 3426 502 3482 reddendo
513 3427 600 3481 airum
616 3442 665 3496 pro
676 3427 745 3489 viro,
755 3441 805 3497 pro
820 3427 925 3498 perdito
941 3426 1002 3481 Sol·
1056 3431 1133 3499 cipiet
1149 3439 1174 3484 et
1190 3430 1275 3499 pariet
1290 3431 1385 3499 fitium.
1406 3429 1475 3485 Vere
1489 3429 1523 3486 de
1537 3428 1640 3500 Spiritu
1657 3441 1753 3488 sancto
1773 3450 1839 3489 con⁴

217 3526 352 3583 ratonem,
367 3534 417 3589 pro
430 3534 510 3575 servo
529 3517 683 3582 Dominum,
698 3534 748 3589 pro
772 3526 899 3575 creatura
919 3518 1003 3575 Cren-
1052 3531 1148 3592 ceptus
1161 3523 1215 3578 erit
1239 3523 1268 3577 in
1290 3531 1369 3578 utero
1394 3523 1511 3594 quadam
1542 3523 1671 3578 ineffabili
1689 3526 1840 3584 mutatione

217 3621 306 3667 torem
318 3612 455 3668 restituet.
473 3610 506 3664 Et
520 3611 572 3665 hoc
586 3611 742 3681 quomodo?
763 3612 840 3682 virgo
855 3609 1002 3682 concipiet,
1052 3619 1169 3676 naturae,
1199 3612 1363 3682 habebitque
1390 3611 1531 3668 crescendi
1558 3613 1722 3684 primordia,
1751 3617 1839 3675 donec

216 3719 275 3759 non
290 3703 324 3760 ie
337 3705 408 3770 viro,
424 3705 488 3776 quia
504 3704 526 3760 si
542 3704 630 3759 virum
650 3705 819 3776 cognoverit,
831 3721 886 3762 non
901 3705 1002 3774 poterit
1051 3703 1173 3775 perfecte
1184 3719 1272 3759 novus
1286 3704 1368 3759 bomo
1381 3703 1513 3760 iornretut·
1529 3705 1557 3759 in
1572 3713 1661 3772 utero,
1678 3715 1708 3762 ut
1728 3709 1775 3779 qui
1789 3708 1836 3765 Dei

217 3797 295 3867 uirgo
308 3796 469 3866 conciperc3
486 3796 534 3851 sed
549 3795 607 3866 ipse
631 3793 761 3852 Dominus
786 3796 862 3851 dabit
889 3797 940 3851 hoc
963 3796 1002 3852 si·
1053 3796 1140 3852 Filius
1151 3804 1192 3852 est
1208 3797 1242 3852 ab
1254 3803 1365 3861 eterno,
1382 3795 1502 3867 Virginis
1514 3796 1586 3853 iliius
1597 3798 1690 3855 irater
1702 3807 1836 3871 tempore,

216 3901 312 3957 gnum,
329 3893 358 3940 ut
380 3887 456 3957 virgo
480 3886 625 3956 concipiat.
649 3886 720 3959 Ergo
742 3887 814 3957 qnod
838 3895 936 3942 natura
959 3895 1002 3942 εει
1054 3904 1135 3960 quem
1153 3888 1211 3959 ipsa
1229 3888 1306 3960 Virpo
1317 3889 1454 3957 concipiet,
1470 3897 1495 3942 et
1510 3889 1614 3960 absque
1627 3891 1702 3946 omni
1726 3892 1837 3948 laesione

216 3977 386 4048 impossibile
399 3977 520 4049 implebit
534 3979 655 4049 potentia
673 3976 797 4035 Deitatis.
813 3977 852 4034 Ne
866 3978 1001 4036 miremini
1051 3977 1215 4050 integritatis
1229 3979 1315 4047 filiurn
1332 3980 1426 4048 pariet.
1450 3977 1567 4051 Dignum
1590 3995 1708 4052 namque
1733 3989 1785 4051 est,
1806 3992 1837 4039 ut

215 4070 242 4124 si
254 4071 333 4141 virgo
346 4070 491 4139 concipiat,
503 4070 588 4124 malta
599 4070 672 4125 enim
687 4071 765 4141 signa
778 4077 874 4125 contra
892 4085 1001 4125 omnem
1050 4068 1123 4138 quod
1138 4068 1257 4138 potentia
1269 4066 1316 4123 Dei
1332 4069 1435 4138 absque
1445 4073 1517 4124 omni
1531 4080 1641 4140 peccato
1655 4071 1767 4140 incepit,
1777 4073 1838 4129 sine

216 4176 310 4226 usum,
325 4170 420 4216 contra
432 4171 535 4217 nature
555 4164 679 4219 ordinem
693 4164 824 4219 hacteuus
840 4162 909 4218 iacta
924 4170 999 4219 sunt.
1051 4158 1125 4214 omni
1136 4157 1312 4228 corruptione
1326 4157 1459 4228 perticiat,
1479 4157 1531 4212 lroc
1545 4165 1587 4213 est
1601 4165 1630 4211 ut
1643 4165 1756 4212 matrem
1770 4173 1838 4213 eon·

215 4249 313 4307 Rabus
329 4252 357 4307 in
381 4252 443 4322 igne
469 4268 523 4307 nen
550 4256 631 4319 aruit,
647 4255 724 4326 uirga
738 4253 829 4308 Aaron
855 4252 948 4309 horem
973 4261 1000 4309 ει
1051 4263 1140 4307 servet
1157 4252 1288 4306 illibatam
1310 4251 1450 4305 irrenrnata
1465 4250 1610 4314 Divinitas,
1625 4259 1652 4307 et
1663 4252 1736 4308 iliius
1748 4252 1834 4323 virgi-

215 4343 336 4398 iructam
347 4343 469 4414 protulit,
480 4345 566 4399 neilus
578 4344 606 4399 in
620 4359 682 4400 area
695 4345 809 4408 maduit,
824 4351 851 4401 ct
863 4343 999 4399 miramini
1049 4343 1143 4399 nitatis
1158 4343 1288 4397 honorem
1302 4342 1447 4413 ampliitcet
1468 4342 1578 4398 deitatis
1593 4342 1742 4398 incarnatae
1765 4358 1835 4400 nom

213 4435 240 4493 si
251 4436 328 4507 virgo
343 4435 486 4505 concepit?
497 4435 599 4490 Natura
613 4453 667 4493 non
682 4443 771 4507 potest
786 4444 882 4492 contra
896 4443 1000 4491 natarae
1049 4436 1190 4491 nativitas.

214 4527 331 4590 donum,
349 4542 479 4582 necastis
492 4535 587 4582 contra
602 4527 684 4583 Deam
700 4529 746 4598 qui
760 4527 932 4598 omnipotens
945 4536 997 4594 est,
1085 4587 1087 4597 Ι
1117 4527 1298 4582 Emmanuelis
1314 4543 1406 4581 namen
1424 4525 1492 4580 duaa
1509 4527 1626 4582 insinuat
1644 4539 1766 4586 naturae.

213 4628 241 4675 et
255 4619 324 4674 nihil
338 4619 398 4690 ejus
416 4621 548 4675 voluntati
564 4619 680 4676 diiiiciie.
702 4619 804 4676 Poterit
819 4636 884 4692 ergo
903 4635 998 4676 rerttm
1086 4621 1129 4675 76.
1139 4620 1272 4688 Concipiet
1286 4634 1351 4689 ergo
1361 4629 1385 4672 et
1396 4618 1480 4687 periet
1490 4619 1620 4688 filiam,et
1634 4621 1768 4675 vocabitur
1778 4637 1833 4676 uuo

212 4723 286 4771 esse,
303 4708 375 4777 quod
395 4708 453 4778 ipse
468 4708 612 4778 disposuit,
625 4710 749 4764 uiuelicet
759 4710 830 4781 qnod
843 4710 919 4781 virgo
931 4725 998 4765 con·
1012 4717 1035 4772 Ι)
1049 4714 1170 4776 norrrinc,
1186 4712 1259 4782 quod
1278 4711 1347 4767 duas
1363 4712 1390 4765 iu
1410 4713 1469 4781 ipso
1484 4720 1605 4776 naturas,
1626 4710 1744 4766 diuinam
1758 4713 1834 4767 scili-

212 4799 309 4868 cipiat.
323 4796 376 4853 Sed
389 4814 450 4852 cunr
463 4806 568 4853 tanturn
584 4800 640 4854 sint
653 4806 760 4855 creator
778 4810 805 4856 et
818 4808 954 4864 ereatura,
969 4806 997 4855 et
1047 4813 1091 4861 cer
1105 4813 1132 4860 er
1158 4805 1314 4865 burianam,
1331 4803 1458 4859 insinuet,
1479 4803 1621 4857 t'ocaiirur
1639 4804 1707 4856 enim
1721 4801 1832 4858 [nima.

211 4890 293 4960 rirgo
310 4905 365 4944 non
379 4891 466 4960 possit
481 4891 515 4946 de
526 4891 585 4945 uiro
604 4893 759 4961 concipere,
775 4902 805 4947 ut
821 4892 848 4948 in
862 4900 997 4962 conceptu
1047 4896 1118 4960 nuel,
1134 4894 1203 4966 quod
1216 4904 1255 4949 ert
1269 4893 1403 4948 nobiscum
1417 4892 1486 4946 Dens
1501 4892 1570 4964 (iia.
1586 4894 1646 4964 vn).
1661 4892 1719 4949 iioc
1731 4896 1833 4966 quippe

209 4982 291 5053 virgo
302 4982 469 5054 permaneat,
482 4998 533 5038 nec
553 4982 634 5037 homo
649 4984 735 5053 possit
754 4983 788 5038 ab
804 4983 858 5038 alia
870 4995 996 5039 ereatura
1047 4995 1126 5041 sonat
1137 4987 1188 5041 hoe
1201 4999 1309 5046 nomen,
1322 4983 1394 5053 quod
1411 4982 1480 5039 Deus
1493 4985 1564 5039 inter
1574 4984 1700 5042 homines
1710 4995 1752 5042 est
1763 5002 1831 5042 con·

209 5073 322 5146 concipi
335 5076 390 5132 nisi
403 5076 438 5132 ab
457 5076 577 5139 homine,
589 5084 675 5130 restat
690 5085 720 5131 ut
730 5076 754 5132 si
769 5076 846 5148 virgo
860 5079 995 5147 coacepit,
1046 5088 1143 5150 ceptus
1157 5087 1184 5134 et
1198 5086 1280 5133 natus
1299 5092 1331 5132 ea
1347 5077 1461 5147 virgine.
1477 5076 1582 5132 Dicitur
1603 5093 1722 5148 namque
1742 5078 1832 5134 nobia-

209 5180 269 5220 non
283 5167 318 5224 de
331 5150 466 5235 creatura,
477 5167 526 5225 sed
539 5169 573 5223 de
584 5167 713 5224 Crantore
728 5168 874 5239 concipiat,
886 5175 914 5224 ει
933 5185 995 5225 cum
1046 5186 1107 5224 carn
1119 5170 1200 5234 Deus,
1214 5168 1278 5238 quia
1297 5167 1442 5223 invisibilis
1453 5167 1481 5222 in
1497 5183 1547 5223 sua
1562 5175 1661 5223 natura
1678 5168 1714 5224 ab
1728 5176 1831 5224 aeterno

209 5260 462 5332 omnisconceptas
475 5278 509 5318 ει
521 5264 614 5318 carnis
627 5262 763 5331 voluptate
786 5262 935 5331 proveniat,
951 5270 995 5316 at·
1046 5263 1073 5316 in
1090 5269 1183 5316 nostra
1207 5259 1323 5315 visibilis
1345 5260 1417 5314 venit
1441 5274 1474 5314 ex
1488 5265 1620 5330 ternpore,
1636 5274 1691 5315 una
1714 5275 1830 5331 persona

208 5360 330 5410 testante
343 5352 488 5425 Propheta,
502 5355 549 5426 qtri
572 5356 610 5410 ait
625 5374 632 5410 :
649 5353 806 5423 inpeccatis
826 5355 941 5423 concepit
955 5370 996 5409 me
1046 5353 1118 5411 Deus
1131 5361 1158 5410 et
1179 5353 1261 5409 homo
1282 5366 1315 5408 ex
1331 5352 1437 5407 duabus
1450 5359 1591 5423 compacta
1616 5353 1733 5419 naturis,
1749 5353 1830 5409 homo

209 5452 298 5499 mater
310 5461 368 5499 meo
381 5445 468 5514 (Psal.
482 5445 519 5519 n).
536 5445 620 5502 Nemo
634 5445 786 5514 concipitur
799 5443 858 5500 sinc
870 5452 993 5515 peccato,
1045 5459 1108 5499 curn
1131 5443 1298 5519 bominibus,
1322 5449 1352 5497 ut
1369 5457 1431 5498 vere
1453 5441 1489 5498 sit
1514 5442 1566 5498 hoc
1587 5441 1661 5513 quod
1685 5441 1830 5516 vocabitur

209 5536 260 5592 scd
285 5538 343 5608 ipse
365 5537 496 5594 Dominus
519 5539 571 5594 hoc
595 5541 701 5611 signum
716 5537 830 5593 daturus
852 5545 905 5605 est,
922 5538 995 5607 quod
1045 5537 1213 5593 Ernntanuei.
1230 5521 1379 5590 Vocabitur
1394 5533 1503 5605 quidem
1518 5534 1578 5589 aliis
1596 5533 1829 5606 nominibusque

209 5625 295 5698 Virga
307 5630 455 5700 concipiat.
476 5629 547 5700 Ergo
564 5636 713 5699 conceptus
728 5628 780 5684 lste
803 5628 863 5684 sine
881 5635 995 5698 peccato
1045 5637 1208 5700 seqttuntur,
1230 5626 1356 5682 velociter
1378 5625 1464 5698 cpoiia
1487 5625 1603 5691 detrahe,
1627 5628 1679 5681 cito
1697 5626 1827 5696 praedare,

207 5719 274 5774 erit.
301 5718 444 5791 Concipiet
468 5719 559 5791 itaque
584 5734 646 5774 cum
668 5720 822 5792 integritate
839 5720 992 5791 virginitas,
1029 5731 1126 5780 natus
1139 5729 1166 5778 ει
1180 5721 1268 5788 adhuc
1280 5719 1408 5790 parvulus
1422 5719 1483 5776 aliis
1498 5733 1546 5774 ser
1566 5718 1722 5777 nominibus
1734 5720 1828 5776 Admi-

208 5825 266 5866 nen
283 5810 421 5879 decarne,
438 5813 485 5869 sed
499 5813 534 5868 de
548 5811 730 5882 Spirita;neo
746 5813 840 5870 carnis
854 5813 992 5880 ardorem,
1045 5814 1155 5878 rabilis,
1183 5812 1378 5876 Conciliantur,
1407 5809 1478 5866 Deua
1507 5811 1601 5880 iactis,
1631 5809 1713 5864 Pater
1741 5811 1828 5877 iurari

207 5901 257 5959 sed
271 5903 394 5961 divinum
417 5904 523 5970 ilorem,
538 5919 621 5976 super
643 5921 723 5980 quern
747 5907 899 5978 requiescet
922 5907 993 5963 idem
1045 5909 1147 5973 wenti,
1167 5906 1289 5974 Princeps
1305 5904 1378 5976 pacis
1394 5902 1463 5968 (ira.
1478 5902 1529 5967 ixl,
1547 5902 1647 5966 auibus
1660 5904 1827 5975 sempiteme

207 5997 329 6080 Spiritus
344 5999 521 6065 acoliiurmis,
537 5996 680 6057 Corrciaiet
694 5998 730 6061 de
743 5999 842 6067 uirtute
853 5999 993 6072 uirginitas
1044 5999 1206 6073 virtusejus
1231 6005 1259 6056 et
1282 5995 1413 6054 divinitas
1436 5994 1636 6067 praedicabitur.
1658 5994 1758 6053 Verum
1773 5995 1826 6054 hoc
