4350 6709
271 557 324 616 titt
891 525 1046 585 ottollini
1067 520 1203 581 SAECULl
1222 518 1278 573 xit.

271 683 425 742 Tneitdortta
439 678 581 737 Ctttdttsstn
595 674 680 794 ssspfff
692 669 736 723 27·
1070 671 1091 720 A
1108 722 1277 785 Wuiulridns
1289 717 1397 780 strato,
1415 646 1557 786 tripudii.

274 824 416 879 iidolrictta
430 815 622 874 Ciurtiueensis,
636 812 719 879 cupite
736 808 795 862 lto.
923 796 928 805 ’
1106 794 1264 879 iisiilteImttt
1280 789 1477 857 Hirourtpieno..
1492 790 1575 868 cupite¹
1589 787 1650 845 1118,
1668 784 1727 837 tot.

274 895 396 949 Urbanus
413 889 455 952 it.
473 888 506 941 Ρ.
518 886 568 943 11..
581 885 665 951 eripite
681 883 725 934 dt.
1107 864 1278 919 tintinnum
1292 858 1503 943 Ebersperpena.,
1517 858 1656 926 capitelli.

275 962 423 1026 Usuerdus,
441 960 525 1028 cupite
539 956 583 1012 tlt.
1107 1003 1254 1059 Zacharia,
1270 998 1304 1054 p·
1320 998 1372 1060 Μ..
1388 927 1529 1065 ωρῃέῃ

278 1104 367 1157 Victor
379 1102 513 1170 African..
527 1095 614 1163 cupite
623 1091 668 1143 25.
965 1136 970 1147 ,
1108 1073 1271 1155 Zerropltirus
1283 1070 1513 1154 Certatontinopol.
1526 1085 1579 1136 ep..
1592 1067 1677 1134 cupite
1690 1064 1734 1118 il.

278 1173 367 1227 Victor
381 1171 534 1240 Conuenite,
546 1162 685 1233 captreei.
1107 1141 1273 1200 Zorttnttai’.
1291 1141 1340 1202 ti..
1360 1149 1447 1210 capite
1461 1157 1488 1192 o.

755 1309 822 1317 ,,..,,,,
824 1306 946 1315 ......
950 1290 1671 1312 ....--—-—-—-·--···-·-—--·-⁴·-··-—·····

532 1411 976 1544 Amolitur!
1013 1407 1617 1533 zwmtltusts

394 1667 737 1786 HISTORIA
796 1656 1246 1777 ROMANORUM
1300 1646 1768 1770 PONTlFlGUM.

907 1886 935 1948 A
961 1883 1118 1948 sancto
1146 1884 1280 1949 PETRO

578 2052 696 2122 ttsottlt
713 2051 760 2109 nl>
776 2048 1016 2109 COELESTINiiil
1033 2049 1079 2121 111,
1098 2048 1132 2104 ΙΙ)
1151 2048 1217 2107 Esr
1236 2049 1358 2106 innuit
1377 2048 1496 2108 retitui
1514 2050 1594 2108 1191.

745 2203 886 2278 (efrem.
905 2205 1013 2273 Pezrus,
1031 2205 1110 2260 Ther.
1132 2203 1245 2271 Anecd„
1261 2204 1284 2272 i,
1300 2221 1340 2275 ιιι,
1358 2204 1433 2278 325.)

932 2448 1244 2545 MONITUM.

324 2712 426 2766 ductor
441 2711 524 2779 liuius
537 2708 672 2770 ilistoriae,
687 2708 749 2777 quis
767 2715 812 2771 aut
827 2707 906 2776 cuius
923 2706 1039 2763 tortunae
1055 2707 1138 2763 homo
1151 2709 1242 2771 iuuerit,
1257 2722 1307 2762 nec
1327 2723 1360 2762 ex
1376 2707 1435 2778 ipso
1449 2706 1510 2777 ejus
1531 2719 1622 2776 opere,
1637 2719 1687 2761 nee
1700 2720 1732 2762 ex
1751 2706 1848 2764 codice
1867 2724 1900 2764 err

284 2797 341 2852 quo
369 2783 397 2836 in
418 2782 505 2835 lucem
528 2780 722 2850 protraximus.
740 2792 790 2832 nee
806 2771 916 2832 aliunde
937 2777 1047 2834 hatirire
1067 2779 1156 2834 licuit.
1176 2778 1243 2833 illud
1265 2778 1384 2832 omnium
1398 2777 1592 2838 certissimum.
1608 2791 1670 2832 eum
1685 2777 1901 2833 saecitloduode

284 2855 366 2911 cimo.
380 2868 434 2921 ‹pm
445 2851 529 2905 codex
543 2859 619 2905 certo
633 2851 736 2903 certius
750 2855 879 2902 exaratus
890 2858 941 2908 cst.
958 2847 1114 2904 interiorem
1128 2864 1256 2905 essenon
1269 2863 1358 2917 posse.
1374 2846 1508 2902 Praeterea
1520 2845 1642 2902 eumdem
1656 2846 1683 2900 in
1696 2846 1810 2903 dioeeesi
1822 2848 1901 2903 Pota-

285 2923 373 2978 viensi
388 2922 430 2975 vel
457 2920 658 2989 Salisburgensi
684 2926 789 2972 aetatem
805 2919 904 2987 egisse,
931 2917 996 2972 illud
1017 2929 1178 2989 argumento
1198 2926 1240 2974 est
1264 2917 1336 2991 quod
1361 2918 1465 2972 nullum
1480 2917 1569 2971 locum
1591 2919 1791 2987 praetermittat,
1808 2920 1855 2973 ulti
1868 2919 1901 2975 de

284 2993 402 3047 celebris
414 2999 440 3045 et
458 2991 613 3044 inueteratae
628 2990 701 3044 illins
721 2989 914 3043 controuersiae
928 3004 988 3057 quae
1008 2989 1079 3044 inter
1093 2990 1312 3059 archiepiscopos
1325 2987 1547 3058 Salishurgenses
1558 2996 1585 3042 et
1598 2987 1741 3057 episcopos
1756 2987 1903 3045 Patarico-

285 3078 330 3116 ses
345 3062 378 3114 de
396 3062 572 3130 praerogativa
587 3058 795 3126 metropolitana
816 3058 873 3125 jam
892 3058 994 3112 dudum
1010 3067 1144 3124 versatur,
1163 3059 1360 3129 compositione
1374 3073 1454 3127 agere
1469 3064 1571 3126 posset,
1589 3068 1617 3111 ut
1633 3057 1726 3114 uidere
1737 3067 1779 3113 est
1791 3060 1818 3113 in
1832 3075 1904 3129 pon·

285 3130 507 3200 titicatulgapeti
522 3127 543 3182 ll
557 3138 583 3184 et
596 3127 733 3183 Benedicti
742 3124 798 3190 tili,
812 3129 981 3198 aliorumque
995 3129 1114 3198 plurium
1127 3130 1273 3200 presulum
1286 3127 1482 3182 Romanorum.
1496 3127 1552 3182 Nos
1576 3135 1714 3182 auctorem
1731 3129 1901 3199 Anonpnrunr

285 3200 454 3255 luniensem
480 3199 680 3270 inscripsimus,
697 3213 753 3252 non
771 3200 843 3266 quod
855 3199 915 3267 ejus
929 3198 979 3252 loci
992 3200 1129 3253 ooertobita
1144 3199 1333 3255 cisterciensis
1347 3197 1429 3252 luerit
1445 3205 1491 3252 out
1506 3214 1567 3254 esse
1581 3199 1768 3267 potueritne
1782 3201 1856 3269 quod
1870 3217 1902 3255 ex

286 3271 447 3326 Zuctlensis
458 3271 627 3324 ltiltliotlrecae
648 3268 743 3323 codice
756 3268 931 3337 depromptus
942 3269 988 3331 sit,
1003 3269 1030 3323 id
1046 3269 1118 3338 quod
1132 3271 1298 3325 eruditorum
1313 3270 1434 3321 uirorum
1449 3269 1581 3339 exemplis
1594 3284 1648 3323 non
1660 3279 1750 3324 vacat.
1764 3266 1824 3323 tan
1839 3287 1904 3326 vero

286 3342 321 3395 ad
338 3343 423 3411 ipsam
442 3351 600 3410 presentem
614 3338 761 3393 Historiam
778 3339 850 3407 quod
866 3340 973 3403 attinet,
989 3353 1021 3393 ea
1035 3338 1151 3410 insignis
1163 3349 1214 3404 est,
1236 3339 1353 3393 inarime
1366 3339 1399 3392 ad
1413 3338 1474 3392 illos
1489 3354 1576 3394 annos
1587 3339 1633 3409 qui
1650 3340 1683 3393 ad
1698 3340 1822 3394 auctoris
1836 3351 1902 3395 :cta-

286 3421 341 3467 tem
361 3411 473 3481 propius
489 3410 637 3472 accedunt,
660 3409 686 3462 id
701 3417 743 3463 est
757 3408 791 3462 ad
813 3409 941 3464 saeculum
962 3423 990 3461 rr
1005 3416 1032 3462 et
1047 3425 1097 3464 ιιι.
1113 3409 1180 3462 llam
1199 3424 1259 3480 quac
1273 3408 1411 3478 prioribus
1426 3410 1533 3464 suculis
1554 3409 1678 3464 euenisse
1700 3420 1857 3470 narrantur.
1871 3426 1903 3467 ea

288 3482 360 3551 apud
376 3482 444 3535 alios
459 3482 515 3547 iarn
531 3487 649 3542 exstant,
665 3487 758 3548 utpote
774 3495 806 3533 ex
821 3479 958 3534 veteribus
972 3477 1157 3534 Ronmriorunr
1172 3479 1329 3550 pontificum
1348 3478 1483 3547 Cotalopis
1498 3489 1526 3534 et
1541 3478 1636 3541 Gestis,
1653 3495 1686 3533 cx
1707 3481 1832 3534 contictis
1847 3483 1904 3551 pri-

287 3567 395 3606 morum
411 3566 541 3622 paparum
557 3549 734 3604 decretatibus
749 3550 866 3618 epistolii
881 3564 913 3604 ex
930 3548 1069 3617 Prospero.
1085 3557 1151 3614 ete..
1169 3550 1305 3619 decerpta.
1319 3549 1427 3604 tametsi
1443 3560 1470 3604 et
1484 3551 1513 3605 in
1528 3550 1570 3606 liis
1583 3549 1706 3620 quaedam
1722 3551 1804 3617 vulgo
1818 3550 1904 3607 iraud-

288 3637 342 3692 qua
364 3637 426 3674 uam
437 3630 502 3675 nota
517 3622 637 3690 reperire
649 3621 695 3675 sit.
708 3619 764 3672 Nec
779 3620 847 3674 illud
862 3620 1008 3673 observatu
1024 3618 1165 3690 indiguum
1177 3621 1248 3689 quod
1264 3620 1367 3674 nullum
1378 3617 1491 3674 Joonnoe
1502 3623 1626 3690 pupione,
1640 3620 1820 3690 ineptissimae
1830 3623 1904 3677 scili-

288 3700 332 3747 cet
344 3639 459 3757 dabulae,
471 3692 614 3759 vestigium
629 3689 700 3762 apud
717 3697 852 3751 nostrum,
869 3696 966 3744 caetera
981 3688 1008 3742 in
1022 3690 1252 3756 reprehendendis
1267 3687 1425 3759 pontificum
1440 3691 1513 3745 vitiis
1528 3691 1600 3745 lraud
1619 3705 1740 3759 segnem,
1753 3690 1905 3760 deprehen·

289 3763 382 3827 datur,
404 3763 450 3816 sed
465 3761 599 3816 concinno
620 3769 647 3815 et
672 3767 802 3830 perpetuo
817 3758 912 3814 ordine
931 3758 1014 3814 leoni
1037 3757 1071 3814 iv
1094 3759 1257 3816 Benedictus
1272 3759 1315 3824 111,
1330 3761 1401 3815 inter
1417 3776 1486 3829 quos
1512 3760 1697 3816 comntentitia
1724 3761 1770 3814 illa
1800 3760 1904 3816 Joanna

310 3833 450 3901 lerumque
465 3832 622 3892 collocator,
644 3830 782 3886 succedat.
807 3828 858 3882 Par
873 3829 960 3884 nostri
980 3829 1119 3886 silentium
1135 3841 1178 3886 est
1190 3832 1223 3886 de
1247 3831 1360 3902 magicis
1385 3831 1500 3893 artibus,
1516 3831 1615 3902 quibus
1628 3828 1767 3899 Sylrester
1777 3828 1812 3894 ll,
1826 3842 1905 3885 antea

288 3847 449 3964 deibertus,
468 3902 500 3955 ad
513 3900 695 3955 Buritanorum
708 3899 895 3970 pontificatum
907 3910 1047 3970 grassatus
1057 3903 1148 3966 luerit,
1162 3913 1190 3956 ut
1203 3903 1312 3972 quidam
1328 3901 1517 3959 insulsissime.¹
1524 3901 1669 3956 commenti
1685 3909 1760 3964 sunt,
1777 3903 1828 3957 etsi
1841 3915 1904 3956 erim

290 3973 416 4028 seculari
431 3973 586 4025 litterature
608 3971 718 4023 ninnium
742 3971 869 4031 deditum,
888 3982 912 4024 et
927 3970 957 4025 oi
972 3971 1020 4024 noc
1042 3973 1147 4027 curioso
1172 3972 1323 4040 iniperutori
1338 3970 1428 4026 Ottoni
1445 3968 1494 4025 111
1508 3981 1625 4025 ontulunt
1648 3971 1732 4025 luisse
1747 3974 1904 4040 neutiquam

290 4040 455 4097 dissimulet.
480 4041 533 4096 Sed
549 4041 618 4094 lianc
636 4041 800 4095 calumniam
816 4039 954 4111 Syltestro
978 4039 999 4092 11
1018 4042 1159 4111 impactam
1181 4044 1213 4096 ol
1242 4042 1374 4096 nominent
1390 4041 1590 4095 mendacissimo
1610 4040 1743 4100 Bertttone,
1759 4050 1790 4094 ut
1815 4042 1906 4096 ueritis

291 4111 470 4166 eruditissimi
494 4110 671 4180 Papeliroclrii
694 4108 722 4164 S.
745 4108 769 4162 J.
801 4111 828 4162 in
855 4108 949 4164 Connt.
966 4109 1116 4184 chronolog.
1143 4111 1176 4165 ud
1199 4112 1287 4167 Cetei.
1313 4112 1467 4181 pontificum
1482 4109 1605 4175 Rolnam,
1626 4125 1686 4181 pag.
1705 4111 1767 4175 iii,
1785 4120 1904 4172 utamur,

292 4189 395 4233 centum
418 4182 495 4234 annis
512 4182 544 4232 ult
556 4180 639 4238 obitu.
656 4188 680 4232 et
702 4196 719 4231 u
733 4177 850 4232 Mortino
866 4178 966 4233 Polono
985 4181 1127 4250 improuide
1147 4193 1308 4246 renovatam,
1323 4193 1399 4251 atque
1421 4181 1453 4235 ab
1470 4181 1601 4237 hodiernis
1614 4181 1753 4241 deretieir,
1778 4181 1906 4250 pontificii

292 4250 407 4303 noirrint‘o
419 4250 535 4303 nostibus
545 4264 612 4317 supe
623 4248 788 4302 decantatum
802 4246 919 4303 lacobus
935 4247 1070 4305 Gretaerur
1083 4251 1112 4308 S.
1133 4250 1151 4304 J
1155 4294 1161 4307 .
1174 4262 1325 4321 argumento
1340 4253 1443 4322 quidem
1454 4254 1582 4322 nepetino,
1600 4252 1645 4307 aed
1656 4250 1753 4320 efficaci
1767 4268 1799 4305 uc
1815 4253 1905 4306 decre·

294 4320 362 4373 torio
377 4320 520 4377 contulerit
534 4321 561 4373 in
571 4320 691 4375 examine
704 4317 825 4390 Mpsterii
840 4318 996 4383 Pieatoeuni,
1009 4336 1067 4389 cup.
1083 4322 1135 4389 t3;
1151 4325 1222 4392 quod
1237 4322 1337 4385 videat,
1350 4323 1396 4391 qui
1412 4325 1494 4378 vallet.

461 4623 609 4685 lNClPl'i
638 4622 849 4687 PROLOGUS
874 4623 916 4684 ΙΝ
940 4621 1161 4685 HISTORIAM
1183 4619 1446 4683 ROMANORUM
1478 4621 1737 4686 Ponriricult.

330 4894 514 4949 Romanorum
529 4894 687 4964 pontificum
703 4894 755 4949 sibi
773 4908 820 4963 per
840 4891 961 4948 ordinem
984 4906 1079 4946 succe·
1095 4898 1115 4951 ll
1130 4906 1177 4945 eos
1198 4891 1258 4945 snlci
1274 4900 1328 4944 tum
1350 4892 1491 4947 lierotieos
1504 4910 1583 4962 otiam
1605 4895 1762 4953 idololatras
1776 4901 1909 4954 corrono·

296 4987 417 5042 dentium
444 4984 540 5039 notitia
562 4984 663 5038 satrrclis
685 4983 813 5038 Patribus
836 4995 891 5035 tarn
917 4968 1079 5037 venerabilis
1130 4990 1274 5046 iuuerunt,
1297 4994 1323 5037 ct
1345 5001 1451 5038 onmem
1476 4985 1674 5040 deformitatem
1702 4990 1764 5044 vitae
1786 4992 1911 5046 trumuine

297 5077 418 5139 exstitit,
433 5083 462 5129 ut
476 5077 565 5144 sagaci
580 5076 737 5146 diligentia,
753 5084 780 5129 ct
794 5073 917 5144 diligenti
932 5064 1079 5152 sagftc'itate
1130 5074 1213 5127 certis
1226 5074 1364 5143 lcgihusel
1378 5075 1510 5130 limitiltus
1520 5076 1693 5141 domuerunt,
1707 5089 1782 5136 tanto
1795 5083 1910 5151 amplios

298 5169 465 5240 singulorum
490 5177 611 5236 tempora
635 5176 662 5220 ct
695 5166 837 5221 recolenda
865 5164 1006 5227 instituta,
1032 5178 1080 5231 per
1131 5166 1408 5236 estrrrngrritieanda,
1432 5176 1534 5237 qitotito
1557 5183 1720 5237 percorum
1744 5185 1800 5224 non
1825 5173 1911 5226 solum

297 5274 368 5329 quos
383 5258 512 5329 paulatim
536 5259 732 5311 incrementum
754 5254 855 5324 recepit
878 5253 1018 5316 Ecclesia,
1034 5260 1077 5304 ³1·
1132 5258 1395 5324 dm·trirtont,rerunt
1407 5261 1488 5315 etiam
1501 5262 1682 5330 quorumdum
1691 5263 1812 5333 gloriosa
1825 5275 1912 5319 certa-

299 5351 451 5406 tcntissime
464 5349 633 5416 indagarent.
650 5347 679 5402 Si
691 5347 764 5402 enim
781 5346 888 5400 illorum
905 5345 1000 5399 merita
1015 5358 1078 5398 san·
1132 5352 1205 5406 mina
1217 5351 1327 5406 dilatata
1342 5354 1426 5408 crevit
1442 5353 1573 5409 Ecclesia,
1596 5353 1690 5410 Torius
1706 5355 1808 5409 etenim
1830 5356 1914 5411 paere.

300 5452 421 5504 ctormn,
446 5441 494 5509 qui
519 5443 545 5493 in
573 5439 701 5510 gradibus
730 5437 904 5492 inferioribus
937 5435 1079 5492 constituti
1133 5442 1193 5495 tieae
1215 5443 1356 5512 prauitatis
1371 5443 1498 5512 pestilera
1514 5442 1618 5497 semino
1632 5444 1809 5514 synodalibus
1822 5444 1914 5498 decre·

300 5534 440 5587 catlrolicm
450 5532 611 5586 institutioni
624 5539 651 5586 ct
666 5531 804 5586 canonicae
820 5529 1004 5584 lniormatiooi
1019 5544 1080 5597 ope·
1133 5535 1168 5588 tis
1182 5536 1340 5603 exstirpata,
1357 5536 1437 5589 latius
1449 5535 1637 5603 pullulassent,
1653 5536 1708 5590 nisi
1722 5537 1752 5589 in
1769 5536 1838 5605 ipsis
1855 5537 1914 5589 sidet

301 5640 359 5679 rain
384 5625 581 5689 adhibuerunt,
607 5626 659 5681 snb
682 5626 792 5680 silentio
815 5640 870 5678 ιιοιι
895 5633 959 5679 sont
990 5632 1080 5676 trans·
1133 5624 1324 5680 defensoribus
1337 5634 1364 5680 et
1374 5627 1529 5696 apostolicae
1541 5626 1696 5682 traditionis
1707 5627 1917 5682 successoribus

301 5720 404 5784 eonda;
427 5722 512 5775 multo
527 5722 613 5790 magis
626 5735 720 5775 eorum
737 5720 868 5774 sanctitas
881 5719 1008 5782 Patroni,
1034 5718 1079 5788 qui
1134 5715 1273 5769 cutlrolicae
1287 5715 1418 5770 doctrinae
1440 5732 1532 5770 semen
1555 5716 1687 5771 Dominus
1701 5716 1822 5770 Sabaoth
1838 5716 1917 5772 nolis

302 5816 459 5869 ortliodoxae
476 5815 536 5868 iudei
555 5823 655 5869 statum
670 5828 685 5865 a
701 5813 836 5883 primitiva
855 5813 975 5867 Ecclesia
988 5827 1081 5866 crexe-
1134 5807 1298 5877 reliquisset.
1309 5805 1376 5861 illud
1387 5815 1477 5861 tattrcn
1493 5794 1821 5878 summoperenotandum
1833 5805 1917 5878 ipirod,

303 5912 375 5957 runt.
392 5915 418 5959 ct
433 5907 482 5961 sub
497 5907 640 5965 tirannide
655 5915 858 5974 persecutorum
875 5917 967 5962 contro
989 5903 1080 5958 inimi·
1135 5918 1196 5956 cum
1212 5920 1225 5954 a
1243 5900 1399 5969 pontificatu
1416 5899 1500 5966 Petri,
1522 5903 1653 5972 principis
1668 5903 1855 5973 apostolorum
1872 5916 1922 5960 us·
