4350 6709
352 634 405 689 aba
859 628 995 687 SlCthi
1014 627 1258 686 cathbhtbsts
1273 624 1427 684 tetscoet
1911 625 1965 681 aot

351 751 441 805 oleum
457 749 615 815 chrismatis
627 758 654 805 et
667 749 757 806 oleum
773 748 1044 805 catechumenorum.
1060 747 1137 803 Potc-
1151 752 1174 808 h
1189 745 1286 801 mortis
1297 745 1330 799 n·
1346 743 1423 812 Quod
1437 745 1526 800 oleum
1543 744 1654 800 offertur
1669 760 1685 801 a
1699 743 1810 816 populu,
1826 751 1966 813 sumptum

351 849 393 894 rat
409 838 541 894 Dominus
553 839 679 896 lidelibus
691 840 796 910 absque
812 838 964 895 visibilibus
979 839 1065 910 signis
1076 855 1136 909 gra·
1184 846 1225 892 est
1239 837 1271 891 de
1286 835 1380 893 Exodo
1391 837 1425 902 ⁷¹,
1441 837 1597 892 ubidicitur
1613 856 1619 891 :
1639 856 1649 890 t
1665 834 1784 906 Praeeipe
1797 836 1859 891 hliis
1871 833 1966 904 lsrael,

351 929 416 984 tiam
440 943 518 983 suam
542 927 702 996 inluudere;
718 936 825 999 poterat
843 929 916 983 euim
932 929 1060 998 antiquos
1075 929 1135 983 siue
1184 937 1214 982 ut
1229 927 1342 983 oll'erattt
1357 929 1405 983 tibi
1421 929 1511 983 oleutu
1525 928 1557 984 de
1571 927 1716 984 arboribus
1730 928 1875 993 olivarum,
1889 928 1966 997 quod

350 1018 570 1086 circumcisione,
583 1019 728 1075 modernos
742 1020 801 1075 sine
814 1020 875 1075 oleo
889 1028 916 1075 ct
928 1034 999 1089 aqua
1016 1018 1131 1074 salvare.
1184 1019 1364 1075 ministerium
1386 1020 1521 1090 signillcat
1545 1028 1679 1075 terrenam
1702 1018 1966 1075 administrationem

351 1109 471 1167 Saliarit
485 1112 559 1167 euim
573 1109 641 1166 Abel
652 1119 679 1165 ct
691 1108 759 1176 Noe,
778 1111 825 1180 qui
839 1110 1058 1165 circumcisionis
1079 1111 1134 1181 gla-
1183 1110 1281 1165 debere
1308 1111 1402 1167 adesse
1427 1112 1574 1182 spirituali,
1596 1113 1674 1184 jutta
1702 1112 1791 1167 illud:
1814 1130 1822 1163 t
1842 1112 1870 1166 Si
1888 1112 1969 1169 uobis

350 1205 425 1260 diutu
438 1220 492 1260 nou
512 1219 638 1271 sensere,
657 1203 773 1260 saltarit
795 1203 954 1258 innocentes
965 1202 997 1268 ⁶⁸,
1013 1203 1059 1273 qui
1075 1203 1134 1258 sinc
1183 1203 1335 1273 spiritualia
1349 1204 1527 1270 seminamus,
1537 1205 1673 1275 magnum
1687 1214 1728 1259 est
1743 1204 1766 1259 si
1783 1206 1904 1260 carnalia
1919 1221 1967 1261 ve-

350 1311 422 1367 aqua
434 1308 462 1353 ct
473 1297 543 1364 oleo,
559 1297 720 1368 sanguinent
730 1311 780 1367 pro
794 1295 903 1351 Christo
917 1294 1023 1351 ludere.
1041 1295 1134 1350 Salrat
1183 1305 1238 1350 stra
1254 1306 1389 1352 metamus
1402 1298 1444 1352 up
1460 1317 1469 1351 t
1491 1298 1564 1370 quod
1583 1314 1644 1353 curn
1659 1297 1780 1363 ollertur,
1796 1300 1909 1369 simplex
1932 1299 1968 1354 li·

349 1391 432 1446 etiam
448 1391 536 1457 illum,
551 1391 597 1461 qui
608 1389 766 1445 bdeliterad
778 1399 978 1443 sacramentum
990 1385 1132 1453 festinans,
1183 1403 1254 1458 quor
1274 1399 1326 1457 est,
1339 1390 1389 1446 ¹sed
1404 1387 1593 1447 benedictione
1617 1392 1647 1445 ιιι
1664 1399 1876 1459 sacramentum,
1893 1393 1968 1463 quod

351 1492 440 1538 morte
452 1482 627 1554 praevenitur,
639 1482 687 1552 qui
702 1497 757 1536 uun
773 1498 802 1535 re
817 1480 994 1547 sacramenti,
1013 1480 1059 1535 sed
1072 1495 1134 1548 spe·
1183 1494 1236 1534 nott
1259 1488 1363 1536 tanturn
1387 1480 1519 1552 pontifex,
1541 1481 1588 1537 sed
1615 1481 1763 1552 presbyteri
1790 1482 1966 1537 benedicunt.

350 1575 392 1631 eie
406 1575 597 1631 sacramentali
610 1575 740 1644 privatur.
768 1570 821 1628 Sed
843 1573 941 1628 maluit
964 1573 1022 1627 haec
1036 1573 1134 1626 obser·
1183 1567 1247 1626 inde
1261 1584 1312 1639 est,
1329 1573 1402 1643 quod
1418 1573 1470 1628 ltoc
1485 1582 1687 1627 sacramentum
1703 1572 1754 1627 luit
1770 1589 1784 1625 a
1798 1572 1909 1628 Christo
1925 1574 1968 1627 di-

350 1667 420 1735 vari,
437 1676 494 1721 tum
517 1675 543 1720 ut
559 1666 676 1720 ministri
695 1680 747 1720 uon
769 1675 902 1735 torpeant,
918 1665 964 1720 sed
984 1679 1134 1720 exercean—
1183 1663 1294 1731 scipulis
1320 1663 1486 1729 institutum,
1514 1663 1556 1718 uel
1584 1673 1700 1718 tractum
1724 1672 1767 1718 cst
1789 1664 1823 1718 ab
1853 1665 1967 1734 antiqua

349 1767 404 1824 tur,
421 1767 478 1813 tutu
495 1767 524 1813 ut
547 1758 690 1813 humilitas
704 1759 909 1828 comprobetur,
929 1766 985 1811 tum
1002 1766 1031 1812 ut
1045 1773 1078 1812 ea
1094 1755 1134 1811 ui·
1183 1754 1393 1836 consuetudine,
1408 1769 1461 1825 qua
1474 1763 1673 1840 consueverant
1685 1754 1711 1807 in
1732 1753 1853 1809 Ecclesia
1870 1755 1968 1825 priuti-

349 1848 474 1905 sibilibus
490 1866 499 1900 t
515 1849 660 1904 invisibilia
672 1849 769 1920 ipsius,
784 1864 801 1904 a
817 1859 944 1905 creatura
966 1848 1072 1915 mundi,
1085 1864 1135 1919 per
1183 1846 1236 1899 tira
1252 1846 1403 1917 presbyteri
1423 1847 1503 1901 simul
1521 1863 1583 1903 cunr
1607 1846 1734 1917 pontihce
1753 1848 1842 1902 vet-bis
1867 1859 1894 1902 ει
1909 1864 1968 1903 ma·

349 1957 454 2011 eaquae
466 1940 536 1996 lacta
554 1951 629 2007 suut,
644 1941 780 1996 intellecta
793 1942 1009 2012 conspiciantur,
1031 1943 1133 2013 sempi-
1183 1940 1264 1996 nibus
1289 1956 1390 2013 corpus
1412 1941 1514 1997 Christi
1536 1943 1681 2011 conficere,
1697 1941 1767 1997 lorte
1790 1944 1823 1998 ad
1843 1945 1968 1998 testimo·

350 2040 427 2088 terna
445 2047 554 2103 quoquc
570 2033 656 2088 uirtus
668 2033 728 2102 ejus
739 2043 766 2089 et
776 2034 904 2089 diuinitas
916 2035 949 2089 θ’.
966 2053 975 2087 ι
991 2033 1069 2101 Quod
1082 2051 1132 2091 ex·
1183 2032 1270 2100 trium,
1283 2035 1324 2088 rel
1336 2037 1369 2089 ad
1384 2034 1535 2105 juvenculae
1549 2035 1733 2105 disciplinam,
1750 2044 1780 2089 ut
1800 2035 1883 2091 hodie
1903 2051 1966 2091 cum

349 2141 454 2197 ponens
464 2126 635 2197 Augustinus
649 2126 687 2180 ait
702 2127 729 2181 in
744 2128 850 2197 psaltno
866 2127 998 2197 vigesimo
1009 2139 1130 2198 quarto:
1148 2102 1168 2160 ¹⁸
1183 2123 1340 2178 ordinatore
1354 2123 1457 2178 iaciunt
1472 2124 1576 2178 noritct·
1596 2123 1724 2178 ordinati.
1748 2121 1825 2189 Quod
1841 2124 1868 2176 in
1884 2122 1967 2192 hujus

349 2217 440 2272 oleum
454 2217 559 2272 risibile
570 2216 597 2271 in
614 2217 692 2288 signo
706 2226 758 2284 est,
778 2221 868 2273 oleum
882 2218 1018 2274 invisibile
1039 2220 1065 2273 itt
1088 2235 1133 2274 sa·
1183 2217 1315 2271 duntaxat
1332 2217 1383 2271 olei
1400 2217 1597 2284 benedictione,
1615 2216 1734 2287 Spiritus
1746 2215 1903 2271 Paracletus
1916 2229 1967 2269 no·

347 2317 489 2364 eramento
509 2318 561 2376 est,
585 2310 675 2365 oleum
701 2309 840 2380 spirituale
877 2311 951 2366 intus
972 2322 1033 2377 esr;
1061 2310 1133 2365 sicut
1184 2309 1314 2375 minatur,
1327 2317 1356 2363 ut
1370 2307 1544 2367 ibizb'mirte
1559 2307 1688 2378 Spiritum
1702 2315 1823 2360 tanetum
1836 2303 1966 2359 Paracle-

347 2401 439 2456 oleum
462 2402 570 2457 risibile
586 2401 759 2458 iullrmitatcs
784 2390 870 2474 lugat,
885 2412 961 2460 artus
986 2412 1092 2458 recreat
1106 2410 1132 2458 et
1184 2400 1283 2454 tanede
1301 2400 1382 2468 celis,
1407 2417 1460 2456 non
1484 2403 1543 2456 siue
1562 2416 1645 2457 causa
1661 2399 1816 2468 essequod
1832 2406 1861 2452 ut
1875 2406 1967 2469 pateat

347 2487 495 2557 illuminat,
512 2490 551 2546 sic
574 2490 720 2547 invisibilis
734 2493 833 2563 gratia,
850 2508 911 2564 quae
926 2509 974 2563 per
995 2494 1085 2548 oleum
1100 2492 1132 2548 tt-
1182 2491 1335 2557 tidcamus‚
1348 2491 1412 2561 quid
1423 2491 1677 2562 Spiritusopcratur
1688 2491 1714 2545 iu
1730 2490 1855 2561 singulis.
1869 2489 1966 2546 Oleum

347 2591 463 2651 gut-atur
477 2592 503 2638 et
520 2599 568 2653 per
594 2583 750 2638 unctionem
774 2583 936 2651 ittluutlitur‚
956 2584 1020 2638 uitia
1044 2582 1130 2654 lugat,
1181 2596 1245 2650 ergo
1256 2580 1606 2651 catecltutttenorum,qttod
1618 2581 1796 2636 exorcismale
1810 2590 1897 2652 potest
1910 2597 1966 2638 nou

346 2675 463 2731 virtutes
487 2677 656 2742 corroborat,
678 2685 706 2731 et
727 2675 811 2731 radiis
835 2677 889 2731 reri
910 2677 976 2732 solis
1001 2677 1130 2745 illustrat,
1185 2673 1334 2744 incongrue
1347 2673 1580 2744 nonttnnrtJutet
1594 2672 1730 2729 diabolum
1746 2674 1872 2729 recedere
1886 2689 1901 2727 a
1916 2689 1966 2728 ca·

347 2767 420 2821 unde
433 2775 495 2836 post
511 2767 721 2833 iustitutioucm,
737 2766 795 2820 hacc
809 2782 860 2822 suo
876 2776 996 2837 tempore
1009 2778 1131 2824 coutetu-

347 2874 423 2925 ncre,
434 2859 785 2929 secundunthugustiuum,
794 2867 935 2928 peccatum
947 2868 990 2915 εει
1004 2860 1128 2915 mortale.

345 2945 465 3001 instituit
475 2955 566 3003 autem
580 2946 712 3002 Dominus
728 2948 946 3006 circumcisionis
958 2951 1066 3021 signum
1079 2967 1130 3005 an-

347 3039 430 3108 tiquis
455 3048 482 3094 et
499 3040 578 3095 nobis
590 3055 688 3110 aquam
702 3039 883 3111 baptismatis,
899 3042 989 3097 oleum
1004 3043 1129 3100 inhrtno·

345 3147 406 3186 rum
422 3133 549 3203 apostoli,
564 3134 635 3189 uude
647 3133 674 3188 in
689 3133 870 3204 Euangeliou
887 3134 1028 3208 [lugebant
1041 3153 1129 3209 tegru-

347 3231 391 3278 tos
410 3224 471 3278 oleo
497 3232 524 3280 et
541 3225 751 3282 sattttbantur⁸⁸.
773 3225 895 3283 »Oleum
920 3230 1078 3286 chrismatis
1101 3239 1128 3286 et

345 3318 604 3373 catechumenorum
620 3319 761 3376 instituere
776 3321 917 3392 apostolici
932 3323 993 3389 uiri,
1009 3324 1083 3380 uude
1096 3325 1128 3378 il·

346 3409 391 3465 lud
408 3411 501 3481 prius3
514 3411 578 3482 quia
596 3413 672 3482 prior
692 3425 735 3470 est
754 3423 781 3469 et
808 3415 987 3470 reuerabilior
1003 3416 1165 3506 doetrinae

344 3505 543 3574 apostolorum,
557 3519 641 3574 quam
653 3505 879 3575 apostolicorum
900 3508 990 3562 oleum
1007 3508 1131 3563 intirmo-

344 3613 406 3652 rutn
420 3607 462 3651 est
476 3612 532 3668 quo
548 3607 688 3667 unguntur
702 3598 802 3653 iubrmi
826 3600 975 3655 secuudum
991 3602 1064 3671 quod
1081 3600 1130 3657 Ja-

344 3691 431 3748 cobus
444 3692 500 3746 ait:
517 3710 526 3743 t
542 3691 696 3745 lulirtuatur
707 3691 768 3760 quis
777 3692 804 3745 in
819 3692 1027 3759 robis‚adr0cet
1039 3709 1131 3749 sacer·

344 3783 433 3847 dotes,
445 3791 474 3836 ut
487 3790 565 3836 orcttt
581 3795 661 3850 super
676 3795 749 3846 euru,
763 3791 791 3835 et
804 3790 907 3852 uugant
918 3798 981 3838 eum
992 3785 1053 3840 oleo
1064 3801 1130 3840 sau-

343 3883 388 3929 cto
399 3873 433 3928 θ’.
451 3891 461 3925 ι
488 3872 572 3928 lliuut
584 3874 695 3943 quidam
720 3873 792 3929 banc
807 3876 962 3929 unctionem
978 3891 1025 3947 per
1044 3895 1128 3935 unuut

344 3967 517 4023 sacerdotem
540 3966 598 4022 heri
615 3982 706 4036 posse,
722 3969 769 4024 sed
791 3984 845 4023 urta
868 3969 976 4035 debere,
999 3970 1022 4024 si
1037 3970 1130 4040 plures

343 4068 461 4129 possunt
485 4060 592 4127 adesse,
620 4061 702 4132 hujus
724 4061 775 4117 olei
800 4063 951 4118 benedictio
974 4063 1002 4118 in
1019 4079 1051 4119 eo
1068 4064 1130 4118 luco

344 4153 458 4208 canonis
472 4153 665 4218 benedicitur,
682 4155 729 4208 ubi
750 4170 816 4210 uras
829 4155 989 4212 benedicere
1010 4171 1128 4212 consue-

344 4244 557 4310 vimus,scilicct
571 4245 617 4300 ubi
637 4246 808 4301 concluditur
828 4266 835 4302 :
855 4245 952 4314 Vertite,
967 4264 1128 4319 questurus,

343 4338 458 4409 largitor
480 4338 602 4404 admitte,
625 4355 670 4410 per
685 4339 821 4394 Christum
836 4340 978 4397 Dominum
997 4354 1127 4400 nostrtnrt.

342 4427 403 4484 Non
421 4430 494 4485 cuim
515 4429 597 4486 habet
614 4433 753 4503 proprium
780 4434 908 4501 olliciunr,
931 4435 957 4490 id
973 4447 1014 4492 est
1030 4454 1084 4493 non
1101 4440 1128 4492 itt

343 4519 433 4590 capite
445 4519 528 4576 verba
541 4521 724 4589 salutaticum,
738 4531 768 4577 ut
781 4522 907 4580 Dominae
923 4526 1127 4596 eohitcttm,u0u

343 4630 458 4681 oremus,
475 4630 525 4669 uec
538 4615 566 4669 iu
589 4616 642 4671 bue
664 4617 850 4684 concluditur,
863 4630 891 4673 ut
907 4628 1012 4675 caeterae
1024 4623 1128 4677 oratio-

343 4721 403 4772 nes,
420 4723 467 4778 ρει
477 4706 619 4762 bonaiacum
632 4721 761 4772 nostrum,
776 4711 822 4765 sed
838 4711 992 4768 exorcismo
1006 4722 1033 4768 ct
1049 4713 1128 4769 bene

1180 2765 1353 2832 teclutmeno,
1366 2765 1413 2836 qui
1428 2767 1516 2821 adbuc
1529 2782 1577 2837 pro
1590 2775 1697 2823 mortuo
1707 2766 1860 2836 deputatur.
1868 2766 1965 2822 Oleum
1996 2834 2000 2842 .

1180 2857 1327 2914 chrismale
1341 2859 1491 2915 sanctificat
1505 2861 1640 2915 uirentem
1663 2877 1695 2916 ειι
1720 2863 1845 2916 mortuis.
1869 2860 1965 2915 Oleum

1180 2947 1353 3005 infirmorum
1367 2951 1498 3006 medelam
1514 2953 1609 3009 tribuit
1622 2955 1763 3021 sauciatis,
1777 2942 1965 3030 egritudinem

1180 3043 1303 3111 sequitur
1318 3043 1404 3110 dolor,
1417 3044 1539 3100 dolorem
1551 3047 1713 3114 consolatio,
1729 3045 1886 3102 Paracletus
1902 3063 1967 3102 cott-

1179 3134 1281 3189 tutator
1305 3136 1510 3206 interpretatur.
1527 3137 1578 3205 Qui
1600 3150 1689 3212 autem
1706 3147 1830 3194 mortuus
1842 3148 1893 3206 est,
1909 3156 1965 3195 nou

1179 3226 1265 3290 dolet,
1285 3229 1349 3298 quia
1365 3243 1419 3282 non
1434 3230 1525 3295 scutit,
1541 3239 1567 3284 ει
1578 3230 1639 3284 ideo
1654 3245 1708 3284 uon
1724 3241 1848 3300 sequtur
1862 3245 1965 3286 conso·

1179 3318 1262 3386 latio;
1283 3320 1409 3389 quivero
1424 3322 1619 3388 sauctihcatttr,
1635 3322 1754 3376 dolorem
1766 3336 1820 3376 nou
1832 3321 1923 3387 habet,
1938 3327 1966 3378 ct

1183 3410 1243 3465 itleo
1266 3412 1454 3468 consolatione
1477 3429 1532 3467 uon
1558 3413 1669 3485 indiget.
1694 3411 1789 3468 Oleum
1816 3414 1965 3484 principale

1183 3503 1257 3573 quod
1282 3504 1402 3560 chrisma
1424 3516 1554 3568 uocatur,
1582 3521 1615 3560 ex
1641 3505 1763 3562 balsamo
1783 3506 1966 3561 mundissimo

1180 3614 1208 3658 et
1221 3594 1368 3673 purissimo
1392 3604 1536 3658 coniicitur
1552 3603 1622 3658 oleo.
1646 3602 1771 3659 Chrisuta
1791 3602 1894 3671 Graece,
1910 3601 1964 3658 ba·

1180 3693 1235 3749 tine
1261 3694 1362 3749 dicitur
1383 3695 1483 3760 auctio,
1506 3694 1577 3749 unde
1602 3693 1739 3759 Christus,
1757 3695 1782 3748 id
1797 3703 1838 3749 est
1853 3705 1962 3748 unctus.

1179 3783 1306 3840 Chrisma
1325 3785 1431 3840 initium
1451 3785 1546 3841 babuit
1568 3783 1688 3841 aVcteri
1709 3784 1892 3851 Testamento,
1916 3784 1964 3841 ubi

1180 3875 1313 3932 Dominus
1324 3879 1452 3948 praecepit
1465 3876 1562 3949 Moysi,
1576 3887 1605 3932 ut
1620 3877 1740 3932 chrisma
1753 3879 1910 3943 conticeret,
1922 3878 1965 3932 di·

1181 3982 1267 4022 cens:
1285 3984 1295 4018 t
1313 3965 1396 4022 Sume
1412 3968 1460 4022 tibi
1476 3977 1598 4022 aromata
1611 3969 1697 4037 prima
1712 3976 1737 4021 et
1755 3968 1843 4022 oleum
1856 3976 1965 4039 quota·

1179 4057 1356 4113 beruaculum
1372 4059 1521 4122 dedicaret,
1536 4066 1564 4112 et
1576 4073 1668 4113 arcam
1691 4057 1850 4120 testimonii,
1864 4066 1892 4111 ει
1911 4057 1965 4111 Aa·

1179 4169 1230 4209 ron
1241 4162 1269 4209 ει
1281 4153 1352 4209 illius
1365 4150 1436 4223 eius,
1453 4162 1480 4208 et
1493 4167 1571 4223 reges
1589 4161 1702 4221 ungeret
1716 4151 1750 4205 ι’.
1766 4171 1775 4202 t
1793 4149 1899 4222 lloyses
1915 4166 1965 4206 au·

1179 4254 1233 4301 tctn
1245 4262 1299 4302 non
1314 4247 1413 4318 legitur
1427 4254 1526 4301 unctus
1540 4245 1602 4300 oleo
1612 4249 1636 4281 ι·
1654 4244 1782 4307 naturali,
1795 4245 1842 4299 sed
1857 4245 1964 4298 unctio·

1180 4352 1214 4392 nc
1229 4337 1402 4393 solummodo
1420 4336 1567 4407 spirituali,
1590 4336 1662 4391 sicut
1682 4335 1819 4390 Clu-istus.
1835 4333 1908 4395 lude,
1923 4344 1964 4389 est

1179 4435 1251 4496 quod
1268 4431 1398 4485 unctione
1414 4429 1570 4485 chrismatis
1585 4430 1714 4485 eeclesias
1735 4429 1904 4494 dedicamus,
1919 4444 1965 4483 ca·

1179 4518 1244 4575 lices
1259 4534 1464 4588 consecramus,
1486 4521 1628 4592 purttihces
1650 4530 1675 4575 et
1698 4537 1776 4592 reges
1793 4520 1962 4591 inungimus,

1178 4621 1205 4667 et
1221 4613 1284 4681 quia
1300 4629 1396 4670 omnes
1420 4622 1544 4669 tenemur
1560 4615 1619 4670 oleo
1640 4615 1774 4669 bonorum
1801 4628 1914 4683 operum
1937 4623 1964 4668 et

1180 4704 1375 4766 misericordiae
1396 4706 1528 4772 relucere,
1553 4715 1580 4761 et
1598 4705 1659 4760 ddei
1683 4706 1806 4760 balsamo
1828 4707 1963 4773 redolere,

343 4797 462 4855 dictione
486 4797 573 4863 huita,
597 4799 688 4853 statim
712 4799 896 4872 subjungitur,
915 4819 961 4857 oet
977 4821 1053 4874 quem
1070 4805 1127 4862 hoee
1144 4786 1223 4855 ¹'scd
1239 4807 1265 4855 et
1273 4799 1503 4862 membracbtisti
1514 4801 1585 4872 regis
1599 4809 1626 4855 et
1636 4801 1735 4857 summi
1745 4800 1881 4870 pontilicis
1890 4815 1962 4866 esse,

344 4891 444 4954 omnio,
456 4888 577 4953 Pontiae,
594 4905 695 4960 semper
709 4891 777 4945 botta
789 4903 945 4960 creut,etc.,
960 4904 987 4949 et
998 4895 1051 4951 hoc
1065 4896 1126 4952 ideo

344 4984 476 5056 quianon
499 4991 540 5038 est
559 4982 677 5038 officium
692 5000 741 5054 per
756 5000 795 5050 se,
817 4987 863 5041 sed
887 4997 929 5043 est
948 4989 1127 5047 embolismus

344 5128 353 5151 ,
368 5075 522 5132 accedentis
546 5075 637 5140 olitcii,
659 5076 762 5130 scilicet
777 5077 850 5134 illius
865 5079 1018 5136 orationis:
1041 5080 1126 5136 Nobis

340 5187 443 5245 pttogue
452 5167 645 5239 peccatoribus,
658 5169 728 5223 sicut
738 5169 834 5226 Libere
845 5189 902 5240 tros,
917 5189 1127 5244 pestanensem

341 5263 519 5319 embolismus
534 5261 712 5331 praecedentis
725 5261 873 5319 llomiuicre
883 5267 1026 5322 orationis.

377 5355 587 5411 Rationabilitct·
598 5353 680 5422 hujus
693 5354 745 5407 olet
760 5357 831 5424 quoti
845 5367 886 5412 est
901 5359 1070 5416 iuhrnturum
1081 5364 1125 5417 bc·

341 5449 471 5515 nudictin,
487 5449 526 5503 ilii
545 5449 663 5503 orationi
688 5448 878 5519 conjungitur,
899 5452 944 5505 ubi
967 5468 1017 5522 pro
1037 5457 1127 5524 poeui-

341 5542 461 5597 teutibus
475 5553 501 5597 et
512 5543 669 5613 migraturis
685 5552 789 5597 oratur.
809 5541 915 5598 Rursus
931 5546 1128 5602 rationabiliter

341 5632 378 5689 lbi
393 5635 485 5689 oleum
500 5635 676 5690 morientium
690 5637 844 5702 eoullcitur,
860 5637 905 5691 ubi
923 5653 999 5693 mors
1014 5637 1124 5694 bomini

340 5734 560 5793 consummatur,
572 5735 602 5782 ut
619 5727 690 5782 sicut
707 5743 783 5782 mors
803 5726 904 5783 Christi
925 5729 1060 5786 destruxit
1076 5746 1126 5786 au·

339 5826 443 5872 ctorem
458 5815 564 5882 mortis,
583 5815 731 5887 sicgratia,
751 5832 811 5886 quae
831 5834 878 5887 per
898 5820 1052 5875 unctionem
1064 5835 1126 5875 mo·

339 5909 421 5964 rienti
436 5907 586 5972 coulertur,
600 5909 723 5963 destruat
745 5921 865 5980 peccata,
880 5927 941 5983 quae
962 5920 1026 5967 sunt
1041 5927 1126 5983 causa

1181 4905 1209 4950 ιιι
1223 4910 1274 4949 ιιοε
1288 4894 1362 4964 ipsos
1374 4895 1454 4950 bonis
1467 4896 1590 4950 moribus
1605 4910 1731 4965 regamus
1749 4904 1776 4949 ct
1789 4893 1906 4950 Doutiuo
1919 4913 1964 4950 sa-

1178 4988 1352 5055 crihceutus;
1366 4983 1427 5042 idco
1438 4987 1552 5058 quilibet
1563 4995 1590 5043 et
1603 4988 1655 5044 hae
1665 4987 1792 5042 unctione
1807 4987 1964 5042 chrismatis

1179 5080 1320 5152 inungitur
1341 5080 1447 5137 duabus
1474 5073 1589 5147 uicibus,
1612 5079 1757 5149 asimplici
1779 5079 1922 5133 sacerdote
1936 5079 1963 5133 iu

1179 5175 1290 5241 uertice,
1304 5173 1338 5228 ab
1359 5173 1489 5244 episcopo
1504 5174 1531 5227 iu
1545 5172 1643 5226 fronte.
1660 5169 1776 5241 ideoque
1800 5169 1907 5225 duabus
1923 5170 1964 5224 ri·

1179 5268 1268 5334 cibus,
1282 5267 1346 5338 quia
1359 5267 1402 5322 bis
1417 5268 1498 5322 datus
1514 5276 1557 5323 cst
1574 5265 1696 5336 spiritus,
1716 5279 1797 5334 quern
1816 5263 1963 5336 signihcat,

1172 5360 1292 5425 seilicet,
1317 5359 1426 5429 quando
1452 5358 1580 5414 Christus
1594 5358 1741 5413 iusulllauit
1758 5357 1901 5427 apostolis,
1919 5358 1964 5412 di-

1178 5467 1244 5506 ceus
1260 5469 1267 5506 :
1286 5470 1295 5503 t
1310 5452 1432 5523 Accipite
1445 5451 1577 5522 Spiritum
1594 5450 1764 5518 sanctum'⁸,
1780 5470 1790 5503 t
1808 5460 1836 5506 et
1853 5452 1965 5523 quaudo

1178 5545 1253 5600 misit
1265 5545 1299 5599 de
1317 5545 1387 5600 coelo
1401 5544 1573 5599 Paracletum
1591 5544 1625 5600 ⁷⁸.
1644 5542 1678 5598 Et
1691 5544 1802 5600 attende
1819 5541 1893 5613 quud
1911 5543 1965 5598 hoc

1177 5636 1243 5691 lacit
1257 5637 1419 5707 episcopalis
1441 5636 1613 5693 confirmatio
1629 5636 1778 5708 baptizato,
1802 5634 1875 5706 quud
1889 5643 1965 5689 tutor

1178 5730 1295 5801 pupillo;
1312 5745 1385 5796 natu,
1411 5730 1476 5799 quid
1503 5729 1623 5800 prodest,
1641 5730 1664 5784 si
1677 5729 1813 5801 quispiam
1835 5742 1964 5800 maguam

1178 5824 1299 5880 conserat
1314 5824 1498 5880 hereditatem
1514 5824 1580 5891 lilio,
1595 5825 1647 5880 nisi
1667 5824 1809 5895 provideat
1829 5823 1899 5893 ipse,
1916 5819 1961 5874 rel

1177 5916 1231 5984 lex,
1244 5917 1286 5971 tel
1300 5932 1410 5987 praeses,
1430 5918 1469 5972 illi
1482 5917 1617 5974 tutorem!
1626 5914 1784 5972 Paracletus
1796 5922 1839 5971 ent
1849 5928 1965 6006 regene-

376 6018 505 6074 “batth
520 6020 548 6073 ι.
586 6020 744 6076 ‘'itoml.
784 6019 947 6080 “liareb.
982 6024 1104 6084 ‘'laeb.
1160 6027 1323 6086 ”liebmh
1361 6029 1528 6104 ”Capih
1565 6030 1687 6089 '¹lCor.
1702 6031 1730 6088 9.
1767 6029 1791 6063 '⁸
1812 6027 1961 6090 hrodw-

336 6086 440 6143 ''Psah
453 6090 499 6145 M.
540 6090 564 6123 '⁸
574 6088 653 6147 Jotttt.
671 6092 717 6147 su.
735 6169 739 6176 ⁸
755 6093 779 6179 ἶ·
791 6091 852 6147 Aci.
869 6095 898 6152 ⁴2.
