4350 6709
276 538 330 596 191
807 533 943 590 sicano!
962 531 1210 590 dhcttohehsts
1228 534 1387 592 eruscos}
1837 528 1901 592 22

276 643 440 727 praeo'teusse
471 660 608 710 narretur.
634 635 707 705 Ecce
732 647 797 704 illud
821 662 886 719 ergo
913 646 1193 711 divinitatisrtollleii
1216 647 1268 704 hoc
1292 663 1371 718 agere
1394 659 1519 720 nequeat,
1538 660 1619 721 atque
1642 650 1678 705 ita
1701 648 1902 721 dominopap

275 761 408 818 organum
423 744 450 804 iu
466 744 520 798 illis
535 741 676 807 salicibus,
688 740 765 796 idest
778 738 957 796 infructuosis
971 740 1061 795 homi·
1112 739 1184 794 cirea
1209 739 1292 810 pedes
1317 739 1425 795 Domini
1451 749 1478 796 et
1503 743 1660 798 mandatum
1678 749 1822 812 occupato,
1838 755 1900 796 me·

275 840 357 897 uibus
378 836 524 909 babylonis
538 849 701 907 suspensum
710 835 744 889 ⁸⁸.
1112 830 1166 884 rito
1180 839 1258 886 vaeut
1273 831 1326 886 boe
1341 830 1489 887 Sabbatum
1516 834 1623 901 olltcio;
1649 829 1837 889 verumtamen
1855 833 1900 888 in·

310 930 388 985 Feria
402 937 478 987 sexta
494 929 591 1000 legitur
606 926 778 997 evangelium
793 943 800 980 :
817 925 984 997 Collegerarrt
995 941 1061 996 porr-
1112 920 1242 976 scribitur
1260 922 1430 993 evangelium
1446 924 1479 978 de
1493 925 1648 993 proditione
1660 923 1747 986 iudae,
1764 924 1809 979 cui
1824 934 1901 978 recte

275 1025 358 1092 tificea
385 1030 410 1077 es
433 1020 567 1075 Pharisaei
589 1018 730 1074 eorrcilium
758 1018 882 1073 adsersus
907 1015 1011 1083 lesum,
1035 1026 1060 1070 et
1112 1012 1287 1082 praemittitur
1302 1013 1383 1069 lectio
1407 1013 1541 1082 Jeremiae,
1566 1017 1612 1071 uhi
1636 1018 1767 1072 dieitur:
1797 1015 1898 1084 Vertite,

273 1114 395 1170 dicebant
408 1130 417 1168 t
432 1113 503 1179 Quid
516 1113 655 1183 sociemus,
667 1113 730 1181 qaia
744 1112 786 1165 hie
795 1112 872 1165 homo
887 1110 971 1165 molto
982 1112 1060 1180 aiqrto
1112 1104 1254 1173 ‘vellemus
1271 1117 1365 1159 contro
1380 1103 1489 1160 testum
1503 1107 1677 1175 cogitationes
1690 1107 1723 1161 ⁸⁸.

274 1205 362 1276 {sciti
376 1205 399 1258 ai
417 1204 577 1258 dimittimus
591 1218 650 1256 euru
664 1203 712 1269 sic,
728 1217 815 1255 ornnes
829 1201 932 1257 credent
942 1202 969 1255 iu
981 1218 1041 1254 eunt
1050 1216 1060 1265 ,·
1419 1199 1533 1257 CAPUT
1551 1200 1586 1257 Xe
1605 1212 1616 1265 t

274 1309 443 1366 causamque
473 1309 531 1349 sue
555 1281 748 1350 sollicitudinis
769 1294 847 1363 quasi
871 1292 1061 1349 rationabilem
1279 1308 1404 1348 nourruca
1428 1307 1554 1348 tltttaats
1573 1309 1724 1349 saturnus.

274 1388 441 1444 adhibebant
459 1387 604 1441 dicentes:
626 1383 734 1439 Venient
760 1383 891 1451 Romani,
917 1394 943 1440 et
970 1383 1060 1441 tollent
1148 1384 1269 1451 Domine,
1289 1401 1321 1439 rte
1336 1384 1411 1455 lenge
1432 1385 1517 1454 lacior
1532 1385 1665 1439 ossillum
1681 1394 1757 1439 tuum
1770 1401 1788 1438 o
1803 1401 1844 1440 nte
1860 1386 1895 1441 ⁸⁸.

274 1491 394 1534 uestrum
408 1478 505 1542 locum,
533 1487 558 1532 et
582 1486 683 1548 pentem
698 1476 738 1543 ⁸⁸3
757 1484 835 1531 erant
856 1477 928 1531 euim
943 1476 995 1532 sub
1008 1477 1061 1530 im·
1111 1476 1235 1533 Notabile
1258 1485 1299 1532 est
1326 1484 1354 1531 et
1376 1476 1557 1531 admiratione
1583 1475 1694 1546 diguam
1719 1477 1804 1546 quod,
1817 1479 1898 1547 quasi

272 1573 349 1643 perio
359 1568 561 1637 Romanorum
576 1569 640 1639 quia
656 1568 843 1639 jamablaturu
853 1577 911 1623 erat
923 1576 1060 1637 sceptrum
1112 1571 1207 1626 eodem
1219 1584 1314 1636 cursu,
1324 1568 1565 1624 nruudumcreavit
1575 1566 1709 1623 hominus
1720 1570 1897 1626 etrecreavit.

273 1665 308 1720 de
320 1663 390 1718 tuda
406 1672 434 1718 et
447 1662 503 1717 dur
518 1662 551 1717 de
565 1660 668 1716 lentore
693 1660 753 1730 ejus
766 1661 799 1726 ⁸⁸,
814 1669 842 1714 et
854 1658 974 1715 Pilatum
990 1675 1061 1730 prae-
1113 1661 1274 1717 sicutenim
1296 1668 1441 1716 creaturus
1455 1660 1614 1726 hominem,
1629 1668 1657 1715 ct
1672 1670 1772 1715 coetera
1786 1669 1897 1732 propter

273 1756 359 1811 sidem
374 1753 503 1809 llomauae
518 1753 660 1822 potestatis
674 1752 820 1807 habebant.
834 1752 954 1807 Causam
969 1754 1060 1823 itaque
1112 1757 1261 1824 hominem,-
1277 1771 1293 1811 a
1311 1754 1451 1811 {lominica
1467 1755 1510 1810 die
1538 1755 1660 1825 incepit,
1685 1770 1787 1827 sexque
1800 1756 1898 1813 diebus

274 1863 332 1902 suae
346 1846 537 1902 sollicitudinis
552 1835 764 1914 pretendebant,
775 1860 820 1911 ne,-
830 1860 892 1900 eum
906 1860 953 1900 rex
968 1843 1060 1914 appel·
1112 1860 1250 1921 operatus,
1266 1856 1343 1904 serta
1359 1847 1425 1903 leria
1441 1847 1579 1902 hominem
1599 1849 1712 1915 crearit,
1735 1857 1763 1904 et
1776 1849 1805 1904 in
1822 1847 1895 1904 Sah-

273 1940 386 2007 iaretur,
400 1938 450 2010 ipsi
458 1939 496 1994 rei
507 1939 657 2008 majestatis
667 1939 739 2007 apud
750 1938 903 1994 Romanum
913 1938 1059 2008 imperium
1112 1943 1175 1998 barn
1190 1942 1224 1997 ab
1236 1940 1310 1997 onrrri
1323 1939 1568 2010 opereoessavlt⁸⁸.
1583 1937 1629 1993 Sic
1640 1940 1778 1995 hominem
1794 1955 1900 1997 recrea·

273 2032 474 2088 addicerentur.
490 2032 525 2087 tr
546 2032 594 2098 illi,
611 2031 675 2102 quia
694 2031 734 2087 sic
749 2032 900 2087 timuerunt
919 2032 1057 2103 pruinam,
1075 1998 1096 2054 B
1111 2047 1190 2092 turus
1213 2049 1230 2089 a
1254 2033 1398 2089 {lominica
1419 2032 1531 2103 incepit,
1558 2028 1711 2086 Jerusalem
1731 2031 1898 2104 ingrediens,

274 2124 356 2180 irruit
371 2139 515 2195 supereos
532 2125 578 2179 uir
597 2124 630 2191 ⁸⁸,
646 2133 673 2180 et
691 2125 793 2194 duplici
809 2133 873 2181 sunt
894 2125 1061 2180 contritione
1110 2125 1284 2196 stagattme
1302 2124 1400 2179 diebos
1415 2122 1571 2194 ingressus,
1596 2119 1666 2177 leria
1682 2133 1758 2177 sexta
1784 2122 1901 2181 redemit

273 2218 386 2274 contriti
402 2217 435 2273 ⁸⁸,
449 2216 517 2272 Nam
538 2227 563 2273 et
576 2217 666 2274 locum
680 2216 858 2288 perdiderunt
869 2225 897 2273 et
906 2217 1013 2289 gestem
1025 2216 1059 2285 ⁸⁸,
1110 2197 1139 2273 in
1154 2232 1236 2274 cruce
1253 2217 1369 2287 patiens,
1383 2223 1411 2269 et
1433 2214 1460 2269 in
1479 2213 1598 2269 Sabbato
1614 2213 1749 2283 requievit
1765 2214 1793 2268 in
1806 2213 1899 2283 sepul·

272 2317 301 2365 et
317 2309 396 2365 deleti
416 2309 450 2365 de
474 2309 544 2364 libro
557 2309 717 2376 viventium,
733 2308 761 2363 iu
787 2317 859 2365 terra
874 2319 940 2366 suut
952 2310 1059 2380 scripti.

274 2398 352 2456 Unde
366 2400 446 2455 lectio
461 2398 775 2470 premittiturleremiae
799 2401 834 2455 de
857 2400 989 2471 ipsorum,
1012 2402 1059 2472 qui

273 2506 324 2563 pro
338 2493 535 2563 temporalibus
553 2491 700 2546 homiuum
723 2492 937 2563 dereliquerunt,
958 2492 1059 2563 duplici

273 2585 447 2641 contritione.
469 2584 572 2641 Cretera
588 2585 670 2640 verba
687 2594 752 2641 sunt
777 2585 884 2641 bonrtni
902 2585 1060 2642 hlediatoris

273 2677 347 2733 iuter
359 2678 475 2734 iusidias
497 2678 671 2733 inimieorum
693 2678 845 2734 secumdum
859 2678 1057 2759 humanitatem

274 2770 389 2825 orantis.

310 2860 459 2917 Sabbatum
474 2871 564 2927 vacat,
578 2863 643 2933 qaia
658 2862 791 2919 Dominus
813 2877 882 2934 papa
908 2863 1060 2938 eleemosy-

274 2968 338 3008 nam
350 2955 405 3009 dat.
419 2951 550 3023 llpminus
567 2954 593 3008 iu
609 2955 660 3008 hoc
673 2953 792 3011 Sabbata
803 2955 961 3012 Betlraniam
973 2960 1058 3025 venit,

273 3043 302 3099 in
317 3045 400 3098 domo
424 3042 545 3100 Simonis
566 3036 712 3110 recubuit,
741 3044 846 3101 blartha
874 3047 1058 3115 ministravit,

1111 2324 1159 2366 cro
1172 2307 1322 2364 dormiens.
1344 2306 1422 2363 Sicut
1446 2306 1530 2376 igitur
1555 2307 1606 2361 hae
1626 2305 1714 2375 prima
1737 2304 1783 2358 die
1804 2303 1897 2359 dixit:

1113 2399 1191 2455 «Fiat
1205 2399 1252 2455 lut
1265 2400 1315 2468 ⁸⁸,r
1333 2415 1349 2455 a
1370 2399 1431 2456 luce
1448 2399 1581 2469 incipiens
1599 2414 1668 2468 opus
1682 2398 1842 2465 creationis,
1857 2396 1899 2452 sie

1110 2493 1205 2549 eodem
1219 2491 1264 2547 die
1276 2506 1338 2546 curn
1353 2490 1414 2547 luce
1438 2490 1481 2545 vei
1502 2489 1626 2544 claritate
1642 2489 1694 2543 hoc
1716 2501 1786 2558 opus
1806 2487 1899 2557 ingre·

1109 2582 1184 2639 dtur
1210 2580 1361 2637 salutilerae
1377 2580 1526 2651 passionis.
1551 2575 1608 2634 Hac
1630 2578 1729 2634 etenim
1754 2577 1798 2634 die
1815 2575 1898 2632 lera-

1110 2674 1195 2732 salem
1226 2687 1361 2743 passurus
1384 2671 1538 2744 ingreditur
1566 2673 1601 2740 ⁸⁸,
1626 2672 1698 2744 quod
1722 2685 1778 2726 non
1806 2670 1898 2726 solum

1110 2762 1207 2821 taundi
1232 2763 1400 2834 primordiis,
1425 2764 1472 2818 sed
1496 2764 1579 2819 etiam
1611 2771 1746 2833 praecepto
1771 2772 1899 2832 congrue

1111 2856 1188 2928 legis.
1204 2854 1269 2910 Erat
1280 2857 1353 2911 onim
1368 2864 1434 2911 turre
1447 2854 1554 2911 decima
1569 2855 1634 2909 luna
1646 2856 1680 2910 de
1694 2869 1748 2924 qua
1764 2851 1900 2908 Dominus

1112 2950 1146 3008 ad
1171 2947 1303 3022 ltoyseu:
1332 2948 1473 3005 «Decima
1506 2949 1550 3004 die
1574 2948 1655 3020 primi
1686 2947 1790 3004 mensis
1820 2946 1900 3001 tollat

1112 3042 1302 3113 unusquisque
1329 3058 1430 3113 agnum
1455 3057 1504 3113 per
1529 3042 1657 3111 lamilias,
1671 3042 1806 3098 etdomos
1820 3055 1897 3105 suas,

273 3134 359 3189 llaria
385 3142 523 3204 unguento
552 3135 673 3206 pretioso
698 3135 762 3192 lesu
777 3137 860 3209 pedes
884 3138 1009 3206 inunxit,
1034 3148 1061 3196 ot
1111 3148 1138 3194 et
1153 3138 1299 3193 servabitis
1325 3153 1413 3209 usque
1445 3138 1473 3192 itt
1509 3136 1795 3208 quartamdecimam
1823 3134 1897 3189 dieat

273 3225 384 3281 domum
410 3226 493 3281 odore
516 3225 639 3298 implerit
664 3227 697 3283 ⁸⁸.
722 3226 751 3282 in
778 3229 879 3299 quibus
903 3230 954 3285 tria
981 3231 1060 3287 nohis
1112 3231 1235 3303 ejusdem
1257 3230 1371 3296 recursis,
1387 3239 1414 3286 et
1431 3230 1583 3286 immolabit
1604 3244 1667 3285 curn
1683 3229 1811 3283 universa
1827 3226 1900 3281 mal-

272 3319 511 3385 commendantur,
538 3320 702 3387 obedientia,
724 3321 896 3394 eleemosyna
922 3333 949 3378 et
972 3321 1196 3395 lamactitudo
1225 3322 1342 3377 hliorum
1359 3321 1453 3390 ,lsrael
1481 3324 1514 3379 ad
1542 3337 1689 3392 vesperum
1714 3320 1774 3375 ⁸⁸.r
1799 3317 1834 3374 Ut
1859 3320 1900 3374 ait

274 3409 303 3466 st
317 3412 390 3467 enim
402 3411 559 3468 obedientes
570 3428 676 3482 sumus,
691 3414 725 3470 ad
738 3429 789 3470 nos
799 3416 883 3482 veuit,
898 3424 925 3470 et
939 3417 965 3470 iu
981 3417 1060 3474 nobis
1112 3416 1183 3471 Beda
1199 3434 1206 3470 ι
1224 3434 1234 3468 ι
1250 3413 1403 3471 Concordia
1418 3431 1474 3471 neu
1488 3416 1577 3470 solum
1592 3416 1619 3470 in
1634 3414 1728 3481 rebus,
1743 3413 1791 3469 sed
1813 3412 1898 3468 etiana
1948 3480 1951 3485 .

274 3502 409 3559 Dominus
433 3504 593 3576 requiescit;
624 3506 647 3560 si
672 3506 837 3577 pauperihus
866 3506 1058 3576 subvenimus,
1112 3509 1140 3563 in
1155 3508 1469 3579 temporibusinvenitur
1485 3505 1622 3563 leteriset
1639 3505 1707 3560 Novi
1720 3504 1898 3571 Testamenti;

273 3609 336 3649 cum
353 3593 459 3649 Martha
473 3594 736 3664 ministramas;scd
747 3611 810 3652 cum
822 3595 907 3651 llaria
920 3598 1059 3669 ungimus.
1112 3600 1271 3656 sicutenim
1295 3599 1401 3655 decima
1423 3599 1467 3656 die
1483 3599 1665 3654 immolandus
1678 3613 1765 3669 agnus
1785 3596 1898 3653 domurn

273 3702 336 3742 cum
351 3688 483 3744 virtutum
508 3688 606 3744 studiis
625 3688 818 3760 indulgemus:
835 3690 877 3746 vel
890 3690 944 3746 hoe
958 3691 1058 3746 celebri
1111 3692 1305 3759 introducitur,
1323 3693 1362 3749 sic
1386 3708 1518 3764 passurus
1540 3691 1667 3746 Christus
1689 3688 1840 3745 Jerusalem
1855 3689 1899 3742 iu-

273 3781 404 3854 nrystorlo
425 3783 632 3838 commendatur
650 3782 783 3839 duntaxat
797 3783 965 3840 odorilerum
991 3799 1060 3856 opus
1116 3786 1248 3857 proditur.
1274 3783 1324 3841 llic
1338 3793 1382 3840 est
1395 3785 1468 3840 enim
1485 3798 1567 3839 verus
1580 3782 1687 3853 Agnus,
1712 3781 1759 3852 qui
1784 3778 1899 3835 abstulit

272 3874 468 3944 eleemosynae;
484 3871 570 3929 blaria
581 3888 700 3945 namque
716 3881 808 3946 typum
822 3875 907 3945 gessit
920 3873 1058 3944 Ecclesia,
1110 3886 1220 3948 peecata
1247 3877 1342 3932 muudi
1357 3877 1392 3944 ⁸⁸,
1417 3877 1465 3947 qui
1491 3881 1542 3931 hae
1567 3874 1673 3930 decima
1697 3873 1793 3928 disse
1816 3871 1899 3926 offert

272 3965 356 4036 pedes
370 3964 478 4020 liomini
492 3981 627 4036 pauperes
642 3975 708 4021 sunt
726 3975 754 4022 et
768 3965 869 4021 iullrmi
884 3968 946 4038 qui,
963 3983 1060 4038 quam·
1110 3967 1261 4024 ierusalem
1277 3967 1434 4039 ingrediens
1449 3967 1581 4038 passioni.
1597 3965 1774 4037 ingressurus
1789 3974 1894 4031 autem,

272 4057 315 4114 vis
338 4065 458 4112 extrema
482 4057 549 4122 sint,
573 4057 633 4128 ejus
657 4067 748 4113 umen
775 4066 840 4114 suut
865 4060 986 4115 membra
1012 4075 1060 4130 per
1111 4070 1141 4114 ut
1156 4062 1182 4115 in
1206 4060 1340 4115 hodierno
1363 4059 1462 4131 legitur
1485 4059 1638 4131 evangelio,
1672 4056 1803 4128 premisit
1825 4057 1898 4112 duos

272 4147 493 4219 conjunctionem
507 4157 535 4203 et
550 4149 682 4204 unitatem
698 4149 771 4204 lidei.
800 4148 898 4206 llulier
910 4151 992 4221 pedes
1008 4150 1061 4204 llo·
1099 4152 1278 4223 discipulos,
1310 4159 1341 4207 ut
1369 4152 1534 4207 adducerent
1561 4151 1667 4207 asinam
1691 4149 1840 4220 alligatam,
1869 4157 1899 4205 et

272 4239 342 4296 rnirri
368 4240 456 4312 ungit,
480 4249 508 4296 et
531 4240 637 4311 capillis
661 4241 719 4297 suls
743 4241 791 4312 qui
819 4243 929 4312 corpori
956 4242 1058 4310 lluunt,
1110 4246 1214 4317 pullum
1229 4260 1290 4300 cour
1306 4259 1349 4300 ea.
1363 4243 1804 4312 Adducentesveroimpoauerurrt
1819 4257 1899 4311 rupee

272 4335 398 4410 extergit,
424 4334 534 4404 quoties
546 4334 654 4400 divites,
667 4333 715 4406 qui
726 4343 790 4389 suut
805 4336 832 4390 in
848 4334 1060 4406 Ecclesia-parr-
1109 4352 1153 4392 eos
1169 4336 1322 4391 oestintertte
1338 4351 1398 4406 sue,
1415 4344 1440 4390 et
1451 4350 1510 4390 eum
1528 4335 1640 4405 desuper
1655 4334 1897 4403 rederesecerrtut:

271 4441 352 4499 peres
373 4426 467 4483 lldeles
490 4426 678 4483 blandimento
703 4427 901 4484 misericordiae
915 4425 1017 4495 loveut,
1033 4438 1060 4484 et
1109 4426 1226 4498 plurimu
1242 4438 1331 4481 eutem
1355 4426 1433 4480 tario
1458 4435 1607 4480 straverunt
1628 4427 1782 4481 vestimento
1806 4440 1856 4478 aaa
1870 4427 1899 4478 ιιι

271 4519 307 4577 tle
323 4519 441 4591 hisquae
465 4518 516 4575 sibi
540 4519 697 4584 abundant,
714 4519 824 4575 illorum
846 4519 969 4589 iuopiam
992 4535 1059 4589 sup·
1110 4519 1162 4586 aia,
1179 4518 1227 4572 olii
1247 4528 1333 4572 mrtem
1345 4518 1479 4573 eredebant
1495 4532 1583 4570 rorrtoe
1598 4515 1630 4569 ale
1644 4514 1793 4581 arboribata,
1812 4514 1898 4585 etqui

270 4610 691 4686 plentAuguslinusdicilquod
701 4612 1059 4683 illudungueulurnjustitia
1110 4607 1250 4679 praeibant,
1266 4608 1489 4679 suspiciantur,
1506 4607 1680 4662 clamabant:
1700 4606 1829 4662 Hoaentto
1838 4607 1897 4677 pilio

272 4703 334 4771 luit,
357 4704 473 4777 ideoque
494 4701 641 4759 libra'luit.
668 4701 743 4775 nge
762 4703 854 4774 itaque
876 4704 959 4774 pedes
979 4702 1056 4768 lesu,
1073 4683 1208 4767 Desste,
1226 4700 1385 4757 benedictus
1400 4703 1447 4772 qui
1463 4703 1572 4756 venitin
1587 4701 1810 4756 nonvirteliorrtiui
1827 4700 1860 4755 ⁸⁸.

274 4795 349 4866 juste
363 4795 500 4862 vivendo,
515 4795 574 4865 ejus
590 4802 696 4850 sectare
711 4795 834 4867 vestigia,
850 4795 956 4866 capillis
970 4804 1056 4868 terge,
1106 4818 1109 4823 -
1146 4791 1259 4864 llystioe
1274 4811 1280 4847 :
1297 4793 1435 4862 equitatus
1453 4803 1528 4861 tuos,
1544 4808 1562 4849 o
1577 4792 1702 4857 Domine,
1724 4792 1839 4849 salvatio
1853 4793 1897 4861 ⁸⁸,

271 4886 438 4958 paatperibas
463 4886 497 4941 dc
520 4885 664 4957 superlluis
682 4887 737 4942 tuis
757 4887 893 4958 impende.
910 4885 946 4942 Ut
965 4888 1057 4959 itaque
1109 4900 1158 4957 per
1169 4884 1308 4941 lraecenim
1323 4883 1483 4956 significasti
1499 4884 1573 4956 quod
1588 4899 1753 4940 ascensurus
1767 4885 1800 4940 ad
1814 4899 1897 4939 mon-

271 4975 402 5031 dominus
423 4975 499 5046 papa:
516 4977 650 5032 celebrem
665 4991 729 5032 cunr
744 4975 850 5032 blartba
870 4977 1054 5044 ministrante,
1110 4988 1165 5034 mm
1178 4976 1337 5045 olivarum,
1358 4976 1443 5033 idest
1463 4979 1496 5033 ad
1511 4978 1651 5033 dexteram
1665 4974 1764 5042 Patris,
1778 4976 1826 5047 qui
1856 4985 1899 5032 est

272 5066 393 5123 velcum
417 5067 503 5123 Maria
524 5069 604 5139 pedes
630 5077 765 5140 ungente,
789 5070 894 5140 capillis
916 5078 1054 5142 tergente,
1113 5069 1219 5126 «Pater
1242 5070 1495 5128 misericordiarum
1521 5069 1633 5127 etheus
1657 5070 1743 5125 totius
1767 5067 1898 5126 consola·

272 5158 390 5214 Domino
412 5173 520 5215 coenatn
541 5159 679 5228 exhibeat,
700 5160 755 5216 hoe
770 5159 890 5218 Sahbmo
907 5161 1059 5235 eleemosy·
1111 5163 1196 5220 tionis
1209 5165 1243 5233 ⁸⁸,
1262 5182 1272 5217 v
1290 5165 1404 5220 mittens
1428 5165 1583 5235 apostolos,
1608 5164 1670 5234 qui,
1686 5161 1788 5234 ligandi
1800 5171 1828 5217 et
1842 5162 1899 5218 sois

271 5265 337 5306 nam
365 5251 460 5318 donat,
486 5260 516 5305 ut
539 5251 666 5307 exhibeat
686 5252 817 5308 membris
838 5252 958 5320 Christi,
982 5255 1057 5324 qued
1111 5254 1192 5311 vendi
1206 5262 1340 5325 potestate
1354 5263 1462 5326 recepta
1473 5255 1507 5320 ⁸⁸,
1522 5254 1628 5310 asinam
1647 5263 1674 5309 et
1687 5253 1802 5326 pullum,
1816 5251 1844 5308 id
1856 5263 1899 5307 est

271 5342 377 5398 devotae
400 5343 530 5399 mulieres
549 5343 698 5399 exhibuere
723 5344 817 5416 capiti,
844 5354 872 5400 et
896 5345 936 5402 sic
959 5345 1058 5401 domus
1110 5346 1255 5404 iudaicam
1273 5347 1604 5420 populumetgeutilem‚
1628 5346 1664 5401 ab
1688 5346 1818 5401 oneribus
1835 5359 1899 5414 pec-

272 5429 420 5500 impleatur
436 5431 521 5488 odore
536 5433 676 5504 unguenti,
695 5431 721 5487 id
735 5442 777 5488 est
791 5433 959 5492 munduavel
969 5434 1059 5493 Eccle-
1111 5448 1235 5495 catorum
1258 5441 1447 5507 absolverent,
1463 5449 1508 5506 et,
1525 5440 1642 5495 adducto
1663 5454 1762 5511 genere
1775 5439 1898 5492 humano

271 5520 315 5579 tia
341 5523 413 5579 hona
440 5523 534 5593 lama,
562 5534 593 5580 ut
616 5525 695 5582 nobis
719 5526 881 5582 imitationis
907 5529 1056 5598 pretiosum
1112 5531 1160 5587 tibi
1183 5546 1230 5603 per
1245 5531 1337 5598 fldem,
1363 5532 1544 5602 supersedens
1568 5532 1662 5599 (sedes
1683 5530 1757 5587 enim
1778 5530 1825 5585 hei
1852 5540 1896 5585 est

271 5615 444 5688 relinquatur
466 5619 632 5690 exemplum.
657 5617 714 5675 liae
728 5619 810 5674 ctiam
835 5619 879 5676 die
898 5620 1055 5675 mandatum
1112 5622 1279 5694 animajusti
1290 5621 1339 5693 ⁸⁸),
1354 5622 1563 5692 supersedendo
1578 5621 1708 5688 salvares,
1723 5619 1788 5677 etin
1803 5618 1898 5675 creles-

270 5707 407 5776 oelebrat,
432 5723 494 5765 cunr
510 5711 538 5766 in
561 5727 640 5769 coeua
664 5711 772 5768 Domini
787 5712 823 5768 ob
841 5710 1056 5782 magnitudinem
1112 5712 1331 5769 temlerusaleur
1354 5713 1514 5780 adduceres,
1543 5713 1647 5783 angelis
1670 5727 1733 5768 curu
1755 5709 1855 5781 palmis
1868 5717 1897 5764 et

309 5822 491 5882 ⁸⁸l⁸sal.lbb.
542 5827 566 5859 ⁸⁸
579 5825 658 5883 ioan.
675 5827 719 5884 ll.
766 5829 790 5861 ⁸⁸
806 5827 874 5886 Gen.
893 5828 939 5884 t9.
986 5828 1087 5885 ⁸⁸lob.
1108 5828 1136 5884 6.
1170 5826 1194 5859 ⁸⁸
1212 5826 1267 5883 Jer.
1288 5825 1331 5881 Π.
1369 5825 1391 5857 ⁸⁸
1413 5824 1550 5884 learnll.
1589 5823 1762 5884 ⁸⁸ioau.l2.
1796 5823 1818 5855 ⁸⁸
1838 5820 1895 5878 Jer.

272 5892 317 5950 tt.
355 5895 378 5927 ⁸⁸
398 5895 470 5951 Psal.
489 5895 535 5952 bl.
579 5898 600 5930 ⁸⁸
617 5898 685 5955 Gen.
699 5898 728 5955 2.
764 5900 788 5932 ⁸⁸
802 5899 869 5957 Gen.
890 5901 916 5955 l.
967 5898 1153 5956 fluminet.
1201 5899 1225 5930 ⁸⁸
1239 5896 1323 5953 Eroti.
1340 5897 1382 5954 li.
1430 5897 1572 5953 ⁸⁸Joau.¹
1634 5899 1657 5931 ⁸⁸
1681 5897 1777 5951 llatth.
1800 5893 1832 5949 il
1871 5891 1896 5926 ⁸⁸

274 5960 418 6021 fisbach.
456 5964 587 6026 ”hoen
606 5968 631 6025 l.
681 5969 705 6002 ⁸⁸
722 5968 801 6026 loan.
824 5969 871 6027 2⁰.
910 5968 977 6023 ⁸⁸1).
996 5969 1077 6045 Greg.
1095 5969 1226 6026 itone-'d
