<?xml version="1.0" encoding="UTF-8"?>
<!DOCTYPE html PUBLIC "-//W3C//DTD XHTML 1.0 Transitional//EN"
    "http://www.w3.org/TR/xhtml1/DTD/xhtml1-transitional.dtd">
<html xmlns="http://www.w3.org/1999/xhtml" xml:lang="en" lang="en">
 <head>
  <title>
</title>
<meta http-equiv="Content-Type" content="text/html;charset=utf-8" />
  <meta name='ocr-system' content='tesseract 3.04.00' />
  <meta name='ocr-capabilities' content='ocr_page ocr_carea ocr_par ocr_line ocrx_word'/>
</head>
<body>
  <div class='ocr_page' id='page_1' title='image "./patrologiaecurs78unkngoog/patrologiaecurs78unkngoog_0399.png"; bbox 0 0 4350 6709; ppageno 0'>
   <div class='ocr_carea' id='block_1_1' title="bbox 220 528 1946 630">
    <p class='ocr_par' dir='ltr' id='par_1_1' title="bbox 220 528 1946 630">
     <span class='ocr_line' id='line_1_1' title="bbox 220 528 1946 630; baseline -0.002 -25"><span class='ocrx_word' id='word_1_1' title='bbox 220 548 275 609; x_wconf 82' lang='lat' dir='ltr'><strong>aas</strong></span> <span class='ocrx_word' id='word_1_2' title='bbox 735 548 947 608; x_wconf 76' lang='lat' dir='ltr'><strong>rnncrarus</strong></span> <span class='ocrx_word' id='word_1_3' title='bbox 966 534 1330 609; x_wconf 64' lang='lat' dir='ltr'><strong>intrusus&#39;tuonou&#39;.</strong></span> <span class='ocrx_word' id='word_1_4' title='bbox 1770 528 1845 602; x_wconf 79' lang='lat' dir='ltr'><strong>&#39;ato</strong></span> <span class='ocrx_word' id='word_1_5' title='bbox 1942 622 1946 630; x_wconf 22' lang='grc' dir='ltr'>Ι</span> 
     </span>
    </p>
   </div>
   <div class='ocr_carea' id='block_1_2' title="bbox 186 651 1870 2483">
    <p class='ocr_par' dir='ltr' id='par_1_2' title="bbox 186 651 1870 2483">
     <span class='ocr_line' id='line_1_2' title="bbox 219 651 1847 740; baseline -0.002 -19"><span class='ocrx_word' id='word_1_6' title='bbox 219 668 333 721; x_wconf 91' lang='lat' dir='ltr'><strong>natione</strong></span> <span class='ocrx_word' id='word_1_7' title='bbox 348 665 441 725; x_wconf 86' lang='lat' dir='ltr'><strong>lutura</strong></span> <span class='ocrx_word' id='word_1_8' title='bbox 459 666 494 722; x_wconf 90' lang='lat' dir='ltr'><strong>ad</strong></span> <span class='ocrx_word' id='word_1_9' title='bbox 507 666 604 723; x_wconf 90' lang='lat' dir='ltr'><strong>ludam</strong></span> <span class='ocrx_word' id='word_1_10' title='bbox 625 667 757 723; x_wconf 89' lang='lat' dir='ltr'><strong>translata</strong></span> <span class='ocrx_word' id='word_1_11' title='bbox 781 667 850 734; x_wconf 87' lang='lat' dir='ltr'><strong>luit;</strong></span> <span class='ocrx_word' id='word_1_12' title='bbox 868 668 895 722; x_wconf 93' lang='lat' dir='ltr'><strong>in</strong></span> <span class='ocrx_word' id='word_1_13' title='bbox 909 667 1008 740; x_wconf 86' lang='lat' dir='ltr'><strong>quibus</strong></span> <span class='ocrx_word' id='word_1_14' title='bbox 1023 679 1046 732; x_wconf 76' lang='grc' dir='ltr'><strong>Α</strong></span> <span class='ocrx_word' id='word_1_15' title='bbox 1060 669 1213 732; x_wconf 73' lang='lat' dir='ltr'><strong>assumitis,</strong></span> <span class='ocrx_word' id='word_1_16' title='bbox 1223 651 1464 723; x_wconf 80' lang='lat' dir='ltr'><strong>comminationem</strong></span> <span class='ocrx_word' id='word_1_17' title='bbox 1475 663 1582 721; x_wconf 84' lang='lat' dir='ltr'><strong>Domini</strong></span> <span class='ocrx_word' id='word_1_18' title='bbox 1593 677 1702 735; x_wconf 88' lang='lat' dir='ltr'><strong>poenam</strong></span> <span class='ocrx_word' id='word_1_19' title='bbox 1713 676 1847 732; x_wconf 86' lang='lat' dir='ltr'><strong>essepec-</strong></span> 
     </span>
     <span class='ocr_line' id='line_1_3' title="bbox 219 752 1846 831; baseline -0.006 -15"><span class='ocrx_word' id='word_1_20' title='bbox 219 759 349 816; x_wconf 91' lang='lat' dir='ltr'><strong>omuibus</strong></span> <span class='ocrx_word' id='word_1_21' title='bbox 374 760 569 831; x_wconf 87' lang='lat' dir='ltr'><strong>comprobatur</strong></span> <span class='ocrx_word' id='word_1_22' title='bbox 585 760 669 830; x_wconf 80' lang='lat' dir='ltr'><strong>priori</strong></span> <span class='ocrx_word' id='word_1_23' title='bbox 696 760 797 830; x_wconf 91' lang='lat' dir='ltr'><strong>populo</strong></span> <span class='ocrx_word' id='word_1_24' title='bbox 814 773 1006 816; x_wconf 88' lang='lat' dir='ltr'><strong>successurum</strong></span> <span class='ocrx_word' id='word_1_25' title='bbox 1060 766 1183 815; x_wconf 90' lang='lat' dir='ltr'><strong>catorum</strong></span> <span class='ocrx_word' id='word_1_26' title='bbox 1194 768 1445 819; x_wconf 83' lang='lat' dir='ltr'><strong>vestrorum,snanr</strong></span> <span class='ocrx_word' id='word_1_27' title='bbox 1458 755 1533 826; x_wconf 92' lang='lat' dir='ltr'><strong>ponit</strong></span> <span class='ocrx_word' id='word_1_28' title='bbox 1546 754 1722 816; x_wconf 91' lang='lat' dir='ltr'><strong>sententiam,</strong></span> <span class='ocrx_word' id='word_1_29' title='bbox 1733 752 1846 809; x_wconf 86' lang='lat' dir='ltr'><strong>dicens:</strong></span> 
     </span>
     <span class='ocr_line' id='line_1_4' title="bbox 219 844 1845 921; baseline -0.002 -17"><span class='ocrx_word' id='word_1_30' title='bbox 219 851 278 906; x_wconf 86' lang='lat' dir='ltr'><strong>lore</strong></span> <span class='ocrx_word' id='word_1_31' title='bbox 292 850 423 921; x_wconf 79' lang='lat' dir='ltr'><strong>populum</strong></span> <span class='ocrx_word' id='word_1_32' title='bbox 436 850 587 905; x_wconf 90' lang='lat' dir='ltr'><strong>meliorem.</strong></span> <span class='ocrx_word' id='word_1_33' title='bbox 601 849 749 920; x_wconf 73' lang='lat' dir='ltr'><strong>Sequitur:</strong></span> <span class='ocrx_word' id='word_1_34' title='bbox 1060 849 1122 904; x_wconf 85' lang='lat' dir='ltr'><strong>Nan</strong></span> <span class='ocrx_word' id='word_1_35' title='bbox 1133 851 1265 904; x_wconf 76' lang='lat' dir='ltr'><strong>dimittam</strong></span> <span class='ocrx_word' id='word_1_36' title='bbox 1277 857 1386 920; x_wconf 85' lang='lat' dir='ltr'><strong>peccata</strong></span> <span class='ocrx_word' id='word_1_37' title='bbox 1397 857 1497 911; x_wconf 66' lang='lat' dir='ltr'><strong>uestras</strong></span> <span class='ocrx_word' id='word_1_38' title='bbox 1510 861 1678 916; x_wconf 72' lang='lat' dir='ltr'><strong>causamque</strong></span> <span class='ocrx_word' id='word_1_39' title='bbox 1688 844 1845 915; x_wconf 82' lang='lat' dir='ltr'><strong>subjungit:</strong></span> 
     </span>
     <span class='ocr_line' id='line_1_5' title="bbox 255 936 1848 1013; baseline -0.005 -15"><span class='ocrx_word' id='word_1_40' title='bbox 255 943 299 998; x_wconf 84' lang='lat'><strong>56.</strong></span> <span class='ocrx_word' id='word_1_41' title='bbox 316 941 443 1013; x_wconf 82' lang='lat' dir='ltr'><strong>Cognovit</strong></span> <span class='ocrx_word' id='word_1_42' title='bbox 453 942 497 995; x_wconf 82' lang='lat' dir='ltr'><strong>bos</strong></span> <span class='ocrx_word' id='word_1_43' title='bbox 511 959 687 1013; x_wconf 72' lang='lat' dir='ltr'><strong>possessorem</strong></span> <span class='ocrx_word' id='word_1_44' title='bbox 699 958 787 1007; x_wconf 84' lang='lat' dir='ltr'><strong>saum,</strong></span> <span class='ocrx_word' id='word_1_45' title='bbox 799 950 823 996; x_wconf 94' lang='lat' dir='ltr'><strong>et</strong></span> <span class='ocrx_word' id='word_1_46' title='bbox 839 942 930 996; x_wconf 74' lang='lat' dir='ltr'><strong>asinam</strong></span> <span class='ocrx_word' id='word_1_47' title='bbox 942 957 1008 1009; x_wconf 82' lang='lat' dir='ltr'><strong>pra·</strong></span> <span class='ocrx_word' id='word_1_48' title='bbox 1059 941 1157 996; x_wconf 77' lang='lat' dir='ltr'><strong>Munus</strong></span> <span class='ocrx_word' id='word_1_49' title='bbox 1177 945 1246 997; x_wconf 89' lang='lat' dir='ltr'><strong>enim</strong></span> <span class='ocrx_word' id='word_1_50' title='bbox 1265 953 1357 998; x_wconf 83' lang='lat' dir='ltr'><strong>uestra</strong></span> <span class='ocrx_word' id='word_1_51' title='bbox 1377 943 1504 1011; x_wconf 81' lang='lat' dir='ltr'><strong>sanquine</strong></span> <span class='ocrx_word' id='word_1_52' title='bbox 1522 940 1606 1009; x_wconf 81' lang='lat' dir='ltr'><strong>plena</strong></span> <span class='ocrx_word' id='word_1_53' title='bbox 1626 947 1699 1002; x_wconf 87' lang='lat' dir='ltr'><strong>sunt,</strong></span> <span class='ocrx_word' id='word_1_54' title='bbox 1718 953 1784 1008; x_wconf 91' lang='lat' dir='ltr'><strong>quo,</strong></span> <span class='ocrx_word' id='word_1_55' title='bbox 1803 936 1848 993; x_wconf 79' lang='lat' dir='ltr'><strong>vel</strong></span> 
     </span>
     <span class='ocr_line' id='line_1_6' title="bbox 218 1029 1847 1105; baseline -0.003 -16"><span class='ocrx_word' id='word_1_56' title='bbox 218 1051 277 1104; x_wconf 80' lang='lat' dir='ltr'><strong>sepe</strong></span> <span class='ocrx_word' id='word_1_57' title='bbox 293 1034 393 1089; x_wconf 87' lang='lat' dir='ltr'><strong>domini</strong></span> <span class='ocrx_word' id='word_1_58' title='bbox 407 1035 466 1097; x_wconf 86' lang='lat' dir='ltr'><strong>sui,·</strong></span> <span class='ocrx_word' id='word_1_59' title='bbox 488 1033 573 1088; x_wconf 87' lang='lat' dir='ltr'><strong>lsrael</strong></span> <span class='ocrx_word' id='word_1_60' title='bbox 593 1044 680 1089; x_wconf 87' lang='lat' dir='ltr'><strong>autem</strong></span> <span class='ocrx_word' id='word_1_61' title='bbox 696 1050 735 1087; x_wconf 88' lang='lat' dir='ltr'><strong>mc</strong></span> <span class='ocrx_word' id='word_1_62' title='bbox 750 1051 801 1087; x_wconf 93' lang='lat' dir='ltr'><strong>non</strong></span> <span class='ocrx_word' id='word_1_63' title='bbox 816 1034 945 1104; x_wconf 83' lang='lat' dir='ltr'><strong>cognonit,</strong></span> <span class='ocrx_word' id='word_1_64' title='bbox 960 1049 1007 1102; x_wconf 89' lang='lat' dir='ltr'><strong>po-</strong></span> <span class='ocrx_word' id='word_1_65' title='bbox 1058 1033 1138 1102; x_wconf 87' lang='lat' dir='ltr'><strong>cujus</strong></span> <span class='ocrx_word' id='word_1_66' title='bbox 1153 1035 1307 1105; x_wconf 75' lang='lat' dir='ltr'><strong>sauguine?</strong></span> <span class='ocrx_word' id='word_1_67' title='bbox 1324 1032 1384 1088; x_wconf 91' lang='lat' dir='ltr'><strong>Non</strong></span> <span class='ocrx_word' id='word_1_68' title='bbox 1405 1034 1493 1097; x_wconf 85' lang='lat' dir='ltr'><strong>horis,</strong></span> <span class='ocrx_word' id='word_1_69' title='bbox 1511 1047 1565 1086; x_wconf 92' lang='lat' dir='ltr'><strong>non</strong></span> <span class='ocrx_word' id='word_1_70' title='bbox 1581 1031 1686 1095; x_wconf 90' lang='lat' dir='ltr'><strong>arietis,</strong></span> <span class='ocrx_word' id='word_1_71' title='bbox 1702 1030 1745 1086; x_wconf 77' lang='lat' dir='ltr'><strong>rel</strong></span> <span class='ocrx_word' id='word_1_72' title='bbox 1760 1029 1847 1084; x_wconf 83' lang='lat' dir='ltr'><strong>alicu-</strong></span> 
     </span>
     <span class='ocr_line' id='line_1_7' title="bbox 207 1121 1847 1198; baseline 0.002 -25"><span class='ocrx_word' id='word_1_73' title='bbox 207 1194 209 1198; x_wconf 22' lang='lat'>·</span> <span class='ocrx_word' id='word_1_74' title='bbox 218 1123 297 1191; x_wconf 87' lang='lat' dir='ltr'><strong>putus</strong></span> <span class='ocrx_word' id='word_1_75' title='bbox 309 1138 380 1178; x_wconf 89' lang='lat' dir='ltr'><strong>meus</strong></span> <span class='ocrx_word' id='word_1_76' title='bbox 393 1139 444 1176; x_wconf 84' lang='lat' dir='ltr'><strong>nort</strong></span> <span class='ocrx_word' id='word_1_77' title='bbox 456 1122 585 1178; x_wconf 75' lang='lat' dir='ltr'><strong>intellexit</strong></span> <span class='ocrx_word' id='word_1_78' title='bbox 597 1121 665 1188; x_wconf 84' lang='lat' dir='ltr'><strong>(lsa.</strong></span> <span class='ocrx_word' id='word_1_79' title='bbox 680 1122 710 1193; x_wconf 84' lang='grc' dir='ltr'><strong>ι).</strong></span> <span class='ocrx_word' id='word_1_80' title='bbox 722 1123 848 1178; x_wconf 72' lang='lat' dir='ltr'><strong>Ostendit</strong></span> <span class='ocrx_word' id='word_1_81' title='bbox 861 1123 889 1177; x_wconf 92' lang='lat' dir='ltr'><strong>in</strong></span> <span class='ocrx_word' id='word_1_82' title='bbox 904 1137 959 1194; x_wconf 91' lang='lat' dir='ltr'><strong>quo</strong></span> <span class='ocrx_word' id='word_1_83' title='bbox 972 1123 1007 1178; x_wconf 90' lang='lat' dir='ltr'><strong>sit</strong></span> <span class='ocrx_word' id='word_1_84' title='bbox 1056 1124 1104 1194; x_wconf 84' lang='lat' dir='ltr'><strong>jus</strong></span> <span class='ocrx_word' id='word_1_85' title='bbox 1124 1126 1197 1179; x_wconf 88' lang='lat' dir='ltr'><strong>bruti</strong></span> <span class='ocrx_word' id='word_1_86' title='bbox 1228 1126 1373 1190; x_wconf 90' lang='lat' dir='ltr'><strong>animalis,</strong></span> <span class='ocrx_word' id='word_1_87' title='bbox 1398 1124 1446 1180; x_wconf 89' lang='lat' dir='ltr'><strong>sed</strong></span> <span class='ocrx_word' id='word_1_88' title='bbox 1470 1124 1600 1179; x_wconf 90' lang='lat' dir='ltr'><strong>hominis.</strong></span> <span class='ocrx_word' id='word_1_89' title='bbox 1625 1122 1743 1194; x_wconf 79' lang='lat' dir='ltr'><strong>Sanguis</strong></span> <span class='ocrx_word' id='word_1_90' title='bbox 1763 1122 1847 1177; x_wconf 88' lang='lat' dir='ltr'><strong>unius</strong></span> 
     </span>
     <span class='ocr_line' id='line_1_8' title="bbox 218 1213 1870 1287; baseline -0.001 -18"><span class='ocrx_word' id='word_1_91' title='bbox 218 1222 392 1285; x_wconf 80' lang='lat' dir='ltr'><strong>cointemptns</strong></span> <span class='ocrx_word' id='word_1_92' title='bbox 407 1216 441 1269; x_wconf 91' lang='lat' dir='ltr'><strong>ah</strong></span> <span class='ocrx_word' id='word_1_93' title='bbox 456 1215 508 1280; x_wconf 82' lang='lat' dir='ltr'><strong>eis,</strong></span> <span class='ocrx_word' id='word_1_94' title='bbox 519 1215 546 1268; x_wconf 92' lang='lat' dir='ltr'><strong>in</strong></span> <span class='ocrx_word' id='word_1_95' title='bbox 563 1214 614 1268; x_wconf 90' lang='lat' dir='ltr'><strong>hoc</strong></span> <span class='ocrx_word' id='word_1_96' title='bbox 628 1213 753 1269; x_wconf 83' lang='lat' dir='ltr'><strong>videlicet</strong></span> <span class='ocrx_word' id='word_1_97' title='bbox 768 1213 938 1284; x_wconf 89' lang='lat' dir='ltr'><strong>quodbrutis</strong></span> <span class='ocrx_word' id='word_1_98' title='bbox 948 1213 1007 1268; x_wconf 90' lang='lat' dir='ltr'><strong>aui·</strong></span> <span class='ocrx_word' id='word_1_99' title='bbox 1058 1215 1179 1272; x_wconf 90' lang='lat' dir='ltr'><strong>hominis</strong></span> <span class='ocrx_word' id='word_1_100' title='bbox 1195 1217 1263 1286; x_wconf 81' lang='lat' dir='ltr'><strong>justi</strong></span> <span class='ocrx_word' id='word_1_101' title='bbox 1281 1232 1363 1287; x_wconf 82' lang='lat' dir='ltr'><strong>quem</strong></span> <span class='ocrx_word' id='word_1_102' title='bbox 1376 1214 1523 1279; x_wconf 81' lang='lat' dir='ltr'><strong>effudistis,</strong></span> <span class='ocrx_word' id='word_1_103' title='bbox 1540 1230 1638 1270; x_wconf 90' lang='lat' dir='ltr'><strong>manus</strong></span> <span class='ocrx_word' id='word_1_104' title='bbox 1653 1221 1761 1269; x_wconf 81' lang='lat' dir='ltr'><strong>uestras</strong></span> <span class='ocrx_word' id='word_1_105' title='bbox 1775 1213 1845 1269; x_wconf 90' lang='lat' dir='ltr'><strong>iule·</strong></span> <span class='ocrx_word' id='word_1_106' title='bbox 1865 1231 1870 1243; x_wconf 93' lang='lat'>·</span> 
     </span>
     <span class='ocr_line' id='line_1_9' title="bbox 218 1303 1847 1377; baseline 0.001 -18"><span class='ocrx_word' id='word_1_107' title='bbox 218 1305 337 1360; x_wconf 89' lang='lat' dir='ltr'><strong>malibus</strong></span> <span class='ocrx_word' id='word_1_108' title='bbox 352 1304 566 1375; x_wconf 90' lang='lat' dir='ltr'><strong>agnoscentibus</strong></span> <span class='ocrx_word' id='word_1_109' title='bbox 579 1303 721 1357; x_wconf 84' lang='lat' dir='ltr'><strong>Dominum</strong></span> <span class='ocrx_word' id='word_1_110' title='bbox 733 1310 760 1359; x_wconf 91' lang='lat' dir='ltr'><strong>ct</strong></span> <span class='ocrx_word' id='word_1_111' title='bbox 774 1303 942 1368; x_wconf 86' lang='lat' dir='ltr'><strong>Creatorem,</strong></span> <span class='ocrx_word' id='word_1_112' title='bbox 958 1318 1008 1373; x_wconf 88' lang='lat' dir='ltr'><strong>po·</strong></span> <span class='ocrx_word' id='word_1_113' title='bbox 1058 1308 1112 1375; x_wconf 90' lang='lat' dir='ltr'><strong>cit;</strong></span> <span class='ocrx_word' id='word_1_114' title='bbox 1132 1316 1158 1363; x_wconf 92' lang='lat' dir='ltr'><strong>ct</strong></span> <span class='ocrx_word' id='word_1_115' title='bbox 1173 1309 1208 1363; x_wconf 94' lang='lat' dir='ltr'><strong>ob</strong></span> <span class='ocrx_word' id='word_1_116' title='bbox 1224 1309 1307 1377; x_wconf 85' lang='lat' dir='ltr'><strong>hrrjus</strong></span> <span class='ocrx_word' id='word_1_117' title='bbox 1324 1309 1432 1377; x_wconf 90' lang='lat' dir='ltr'><strong>culpam</strong></span> <span class='ocrx_word' id='word_1_118' title='bbox 1448 1305 1588 1362; x_wconf 85' lang='lat' dir='ltr'><strong>commissi</strong></span> <span class='ocrx_word' id='word_1_119' title='bbox 1604 1304 1735 1360; x_wconf 80' lang='lat' dir='ltr'><strong>iocinoris</strong></span> <span class='ocrx_word' id='word_1_120' title='bbox 1751 1320 1847 1362; x_wconf 81' lang='lat' dir='ltr'><strong>monos</strong></span> 
     </span>
     <span class='ocr_line' id='line_1_10' title="bbox 218 1394 1847 1471; baseline 0.001 -21"><span class='ocrx_word' id='word_1_121' title='bbox 218 1399 301 1469; x_wconf 91' lang='lat' dir='ltr'><strong>pulus</strong></span> <span class='ocrx_word' id='word_1_122' title='bbox 315 1404 406 1453; x_wconf 80' lang='lat' dir='ltr'><strong>sutem</strong></span> <span class='ocrx_word' id='word_1_123' title='bbox 421 1394 578 1452; x_wconf 81' lang='lat' dir='ltr'><strong>ludaeorum</strong></span> <span class='ocrx_word' id='word_1_124' title='bbox 593 1413 647 1450; x_wconf 93' lang='lat' dir='ltr'><strong>uon</strong></span> <span class='ocrx_word' id='word_1_125' title='bbox 662 1397 819 1466; x_wconf 87' lang='lat' dir='ltr'><strong>cognoverit</strong></span> <span class='ocrx_word' id='word_1_126' title='bbox 833 1411 1008 1464; x_wconf 76' lang='lat' dir='ltr'><strong>summeque</strong></span> <span class='ocrx_word' id='word_1_127' title='bbox 1057 1411 1149 1456; x_wconf 83' lang='lat' dir='ltr'><strong>cestra</strong></span> <span class='ocrx_word' id='word_1_128' title='bbox 1163 1403 1290 1471; x_wconf 80' lang='lat' dir='ltr'><strong>sangrrine</strong></span> <span class='ocrx_word' id='word_1_129' title='bbox 1304 1401 1386 1469; x_wconf 84' lang='lat' dir='ltr'><strong>plena</strong></span> <span class='ocrx_word' id='word_1_130' title='bbox 1398 1410 1470 1455; x_wconf 79' lang='lat' dir='ltr'><strong>sarit.</strong></span> <span class='ocrx_word' id='word_1_131' title='bbox 1485 1398 1562 1466; x_wconf 81' lang='lat' dir='ltr'><strong>Quod</strong></span> <span class='ocrx_word' id='word_1_132' title='bbox 1577 1407 1667 1453; x_wconf 86' lang='lat' dir='ltr'><strong>autem</strong></span> <span class='ocrx_word' id='word_1_133' title='bbox 1682 1397 1735 1452; x_wconf 90' lang='lat' dir='ltr'><strong>hoc</strong></span> <span class='ocrx_word' id='word_1_134' title='bbox 1749 1411 1847 1468; x_wconf 79' lang='lat' dir='ltr'><strong>pecca·</strong></span> 
     </span>
     <span class='ocr_line' id='line_1_11' title="bbox 219 1487 1846 1560; baseline -0.002 -14"><span class='ocrx_word' id='word_1_135' title='bbox 219 1492 395 1548; x_wconf 84' lang='lat' dir='ltr'><strong>intellexerit.</strong></span> <span class='ocrx_word' id='word_1_136' title='bbox 411 1489 489 1560; x_wconf 85' lang='lat' dir='ltr'><strong>Quod</strong></span> <span class='ocrx_word' id='word_1_137' title='bbox 506 1492 586 1546; x_wconf 84' lang='lat' dir='ltr'><strong>velim</strong></span> <span class='ocrx_word' id='word_1_138' title='bbox 613 1498 642 1545; x_wconf 90' lang='lat' dir='ltr'><strong>ut</strong></span> <span class='ocrx_word' id='word_1_139' title='bbox 657 1490 730 1545; x_wconf 90' lang='lat' dir='ltr'><strong>dicat</strong></span> <span class='ocrx_word' id='word_1_140' title='bbox 753 1490 821 1544; x_wconf 91' lang='lat' dir='ltr'><strong>mihi</strong></span> <span class='ocrx_word' id='word_1_141' title='bbox 834 1488 955 1555; x_wconf 82' lang='lat' dir='ltr'><strong>ludaeos,</strong></span> <span class='ocrx_word' id='word_1_142' title='bbox 983 1490 1006 1545; x_wconf 91' lang='lat' dir='ltr'><strong>si</strong></span> <span class='ocrx_word' id='word_1_143' title='bbox 1057 1500 1115 1546; x_wconf 79' lang='lat' dir='ltr'><strong>tum</strong></span> <span class='ocrx_word' id='word_1_144' title='bbox 1132 1492 1311 1547; x_wconf 83' lang='lat' dir='ltr'><strong>homicidium</strong></span> <span class='ocrx_word' id='word_1_145' title='bbox 1330 1492 1377 1555; x_wconf 87' lang='lat' dir='ltr'><strong>sit,</strong></span> <span class='ocrx_word' id='word_1_146' title='bbox 1396 1500 1426 1547; x_wconf 93' lang='lat' dir='ltr'><strong>ut</strong></span> <span class='ocrx_word' id='word_1_147' title='bbox 1443 1489 1571 1560; x_wconf 86' lang='lat' dir='ltr'><strong>superius</strong></span> <span class='ocrx_word' id='word_1_148' title='bbox 1589 1489 1695 1544; x_wconf 88' lang='lat' dir='ltr'><strong>dictum</strong></span> <span class='ocrx_word' id='word_1_149' title='bbox 1713 1494 1767 1552; x_wconf 89' lang='lat' dir='ltr'><strong>est,</strong></span> <span class='ocrx_word' id='word_1_150' title='bbox 1786 1487 1846 1557; x_wconf 83' lang='lat' dir='ltr'><strong>ipsa</strong></span> 
     </span>
     <span class='ocr_line' id='line_1_12' title="bbox 219 1577 1846 1656; baseline -0.005 -14"><span class='ocrx_word' id='word_1_151' title='bbox 219 1583 273 1638; x_wconf 85' lang='lat' dir='ltr'><strong>hoc</strong></span> <span class='ocrx_word' id='word_1_152' title='bbox 284 1581 317 1637; x_wconf 84' lang='lat' dir='ltr'><strong>de</strong></span> <span class='ocrx_word' id='word_1_153' title='bbox 329 1580 409 1636; x_wconf 73' lang='lat' dir='ltr'><strong>Potio</strong></span> <span class='ocrx_word' id='word_1_154' title='bbox 421 1587 449 1636; x_wconf 78' lang='lat' dir='ltr'><strong>et</strong></span> <span class='ocrx_word' id='word_1_155' title='bbox 463 1595 517 1634; x_wconf 83' lang='lat' dir='ltr'><strong>non</strong></span> <span class='ocrx_word' id='word_1_156' title='bbox 530 1581 563 1635; x_wconf 82' lang='lat' dir='ltr'><strong>de</strong></span> <span class='ocrx_word' id='word_1_157' title='bbox 574 1578 642 1634; x_wconf 84' lang='lat' dir='ltr'><strong>Filio</strong></span> <span class='ocrx_word' id='word_1_158' title='bbox 655 1579 721 1635; x_wconf 66' lang='lat' dir='ltr'><strong>velit</strong></span> <span class='ocrx_word' id='word_1_159' title='bbox 735 1579 860 1650; x_wconf 86' lang='lat' dir='ltr'><strong>intelligi,</strong></span> <span class='ocrx_word' id='word_1_160' title='bbox 871 1578 1007 1650; x_wconf 76' lang='lat' dir='ltr'><strong>quomodo</strong></span> <span class='ocrx_word' id='word_1_161' title='bbox 1056 1586 1190 1656; x_wconf 90' lang='lat' dir='ltr'><strong>propheta</strong></span> <span class='ocrx_word' id='word_1_162' title='bbox 1204 1593 1321 1641; x_wconf 89' lang='lat' dir='ltr'><strong>testatur</strong></span> <span class='ocrx_word' id='word_1_163' title='bbox 1339 1584 1453 1654; x_wconf 88' lang='lat' dir='ltr'><strong>loquens</strong></span> <span class='ocrx_word' id='word_1_164' title='bbox 1468 1583 1501 1638; x_wconf 90' lang='lat' dir='ltr'><strong>de</strong></span> <span class='ocrx_word' id='word_1_165' title='bbox 1516 1582 1626 1637; x_wconf 84' lang='lat' dir='ltr'><strong>ciuitate</strong></span> <span class='ocrx_word' id='word_1_166' title='bbox 1642 1599 1650 1636; x_wconf 78' lang='lat' dir='ltr'><strong>s</strong></span> <span class='ocrx_word' id='word_1_167' title='bbox 1666 1577 1781 1635; x_wconf 83' lang='lat' dir='ltr'><strong>lustitia</strong></span> <span class='ocrx_word' id='word_1_168' title='bbox 1796 1580 1846 1634; x_wconf 90' lang='lat' dir='ltr'><strong>ha-</strong></span> 
     </span>
     <span class='ocr_line' id='line_1_13' title="bbox 219 1670 1846 1743; baseline -0.002 -15"><span class='ocrx_word' id='word_1_169' title='bbox 219 1674 304 1732; x_wconf 90' lang='lat' dir='ltr'><strong>lsrael</strong></span> <span class='ocrx_word' id='word_1_170' title='bbox 315 1675 459 1729; x_wconf 83' lang='lat' dir='ltr'><strong>Dominum</strong></span> <span class='ocrx_word' id='word_1_171' title='bbox 473 1688 527 1728; x_wconf 92' lang='lat' dir='ltr'><strong>non</strong></span> <span class='ocrx_word' id='word_1_172' title='bbox 536 1674 702 1743; x_wconf 84' lang='lat' dir='ltr'><strong>cognoverit,</strong></span> <span class='ocrx_word' id='word_1_173' title='bbox 714 1688 795 1742; x_wconf 88' lang='lat' dir='ltr'><strong>quem</strong></span> <span class='ocrx_word' id='word_1_174' title='bbox 808 1671 866 1743; x_wconf 90' lang='lat' dir='ltr'><strong>ipse</strong></span> <span class='ocrx_word' id='word_1_175' title='bbox 876 1671 1007 1727; x_wconf 87' lang='lat' dir='ltr'><strong>Dominus</strong></span> <span class='ocrx_word' id='word_1_176' title='bbox 1057 1677 1150 1732; x_wconf 85' lang='lat' dir='ltr'><strong>bitaait</strong></span> <span class='ocrx_word' id='word_1_177' title='bbox 1167 1679 1193 1731; x_wconf 91' lang='lat' dir='ltr'><strong>iu</strong></span> <span class='ocrx_word' id='word_1_178' title='bbox 1212 1694 1254 1741; x_wconf 89' lang='lat' dir='ltr'><strong>ca,</strong></span> <span class='ocrx_word' id='word_1_179' title='bbox 1272 1692 1341 1731; x_wconf 87' lang='lat' dir='ltr'><strong>nunc</strong></span> <span class='ocrx_word' id='word_1_180' title='bbox 1359 1687 1447 1730; x_wconf 89' lang='lat' dir='ltr'><strong>autem</strong></span> <span class='ocrx_word' id='word_1_181' title='bbox 1465 1671 1674 1729; x_wconf 66' lang='lat' dir='ltr'><strong>homicida.&#39;0h</strong></span> <span class='ocrx_word' id='word_1_182' title='bbox 1693 1670 1846 1728; x_wconf 81' lang='lat' dir='ltr'><strong>Salvatoris</strong></span> 
     </span>
     <span class='ocr_line' id='line_1_14' title="bbox 219 1761 1846 1838; baseline -0.005 -14"><span class='ocrx_word' id='word_1_183' title='bbox 219 1768 313 1824; x_wconf 80' lang='lat' dir='ltr'><strong>eduxit</strong></span> <span class='ocrx_word' id='word_1_184' title='bbox 324 1764 358 1821; x_wconf 90' lang='lat' dir='ltr'><strong>dc</strong></span> <span class='ocrx_word' id='word_1_185' title='bbox 371 1764 499 1835; x_wconf 75' lang='lat' dir='ltr'><strong>AEgypw,</strong></span> <span class='ocrx_word' id='word_1_186' title='bbox 515 1773 542 1819; x_wconf 82' lang='lat' dir='ltr'><strong>et</strong></span> <span class='ocrx_word' id='word_1_187' title='bbox 556 1779 604 1834; x_wconf 92' lang='lat' dir='ltr'><strong>pcr</strong></span> <span class='ocrx_word' id='word_1_188' title='bbox 618 1764 736 1818; x_wconf 88' lang='lat' dir='ltr'><strong>modium</strong></span> <span class='ocrx_word' id='word_1_189' title='bbox 749 1761 833 1818; x_wconf 85' lang='lat' dir='ltr'><strong>Rubri</strong></span> <span class='ocrx_word' id='word_1_190' title='bbox 850 1763 934 1818; x_wconf 87' lang='lat' dir='ltr'><strong>maris</strong></span> <span class='ocrx_word' id='word_1_191' title='bbox 953 1764 1008 1818; x_wconf 91' lang='lat' dir='ltr'><strong>sic·</strong></span> <span class='ocrx_word' id='word_1_192' title='bbox 1057 1768 1150 1838; x_wconf 90' lang='lat' dir='ltr'><strong>itaque</strong></span> <span class='ocrx_word' id='word_1_193' title='bbox 1165 1783 1271 1833; x_wconf 88' lang='lat' dir='ltr'><strong>necem,</strong></span> <span class='ocrx_word' id='word_1_194' title='bbox 1287 1768 1334 1838; x_wconf 91' lang='lat' dir='ltr'><strong>qui</strong></span> <span class='ocrx_word' id='word_1_195' title='bbox 1349 1767 1439 1827; x_wconf 82' lang='lat' dir='ltr'><strong>abeis</strong></span> <span class='ocrx_word' id='word_1_196' title='bbox 1454 1766 1564 1822; x_wconf 91' lang='lat' dir='ltr'><strong>occisus</strong></span> <span class='ocrx_word' id='word_1_197' title='bbox 1578 1770 1631 1829; x_wconf 88' lang='lat' dir='ltr'><strong>esi,</strong></span> <span class='ocrx_word' id='word_1_198' title='bbox 1646 1770 1780 1818; x_wconf 83' lang='lat' dir='ltr'><strong>uocantur</strong></span> <span class='ocrx_word' id='word_1_199' title='bbox 1793 1763 1846 1817; x_wconf 82' lang='lat' dir='ltr'><strong>riri</strong></span> 
     </span>
     <span class='ocr_line' id='line_1_15' title="bbox 219 1854 1848 1932; baseline -0.003 -17"><span class='ocrx_word' id='word_1_200' title='bbox 219 1876 252 1915; x_wconf 91' lang='lat' dir='ltr'><strong>co</strong></span> <span class='ocrx_word' id='word_1_201' title='bbox 263 1859 332 1929; x_wconf 93' lang='lat' dir='ltr'><strong>pede</strong></span> <span class='ocrx_word' id='word_1_202' title='bbox 343 1858 461 1913; x_wconf 91' lang='lat' dir='ltr'><strong>transire</strong></span> <span class='ocrx_word' id='word_1_203' title='bbox 472 1856 547 1919; x_wconf 88' lang='lat' dir='ltr'><strong>lecit,</strong></span> <span class='ocrx_word' id='word_1_204' title='bbox 557 1871 590 1911; x_wconf 91' lang='lat' dir='ltr'><strong>ac</strong></span> <span class='ocrx_word' id='word_1_205' title='bbox 603 1871 701 1909; x_wconf 89' lang='lat' dir='ltr'><strong>manus</strong></span> <span class='ocrx_word' id='word_1_206' title='bbox 718 1856 791 1926; x_wconf 86' lang='lat' dir='ltr'><strong>parit</strong></span> <span class='ocrx_word' id='word_1_207' title='bbox 806 1855 833 1909; x_wconf 94' lang='lat' dir='ltr'><strong>in</strong></span> <span class='ocrx_word' id='word_1_208' title='bbox 844 1871 945 1919; x_wconf 91' lang='lat' dir='ltr'><strong>eremo,</strong></span> <span class='ocrx_word' id='word_1_209' title='bbox 959 1854 1005 1910; x_wconf 88' lang='lat' dir='ltr'><strong>scd</strong></span> <span class='ocrx_word' id='word_1_210' title='bbox 1057 1861 1223 1932; x_wconf 77' lang='lat' dir='ltr'><strong>sanguinum</strong></span> <span class='ocrx_word' id='word_1_211' title='bbox 1236 1867 1263 1914; x_wconf 89' lang='lat' dir='ltr'><strong>et</strong></span> <span class='ocrx_word' id='word_1_212' title='bbox 1275 1860 1428 1914; x_wconf 84' lang='lat' dir='ltr'><strong>homicidae.</strong></span> <span class='ocrx_word' id='word_1_213' title='bbox 1441 1859 1474 1912; x_wconf 87' lang='lat' dir='ltr'><strong>Et</strong></span> <span class='ocrx_word' id='word_1_214' title='bbox 1487 1859 1612 1929; x_wconf 86' lang='lat' dir='ltr'><strong>quamvis</strong></span> <span class='ocrx_word' id='word_1_215' title='bbox 1624 1857 1751 1926; x_wconf 89' lang='lat' dir='ltr'><strong>superius</strong></span> <span class='ocrx_word' id='word_1_216' title='bbox 1764 1854 1848 1912; x_wconf 81' lang='lat' dir='ltr'><strong>dixis-</strong></span> 
     </span>
     <span class='ocr_line' id='line_1_16' title="bbox 186 1948 1848 2030; baseline -0.004 -21"><span class='ocrx_word' id='word_1_217' title='bbox 186 1952 192 1964; x_wconf 85' lang='grc'><em>“</em></span> <span class='ocrx_word' id='word_1_218' title='bbox 219 1963 246 2009; x_wconf 87' lang='lat' dir='ltr'><strong>ct</strong></span> <span class='ocrx_word' id='word_1_219' title='bbox 268 1952 302 2007; x_wconf 80' lang='lat' dir='ltr'><strong>sil</strong></span> <span class='ocrx_word' id='word_1_220' title='bbox 320 1953 444 2006; x_wconf 88' lang='lat' dir='ltr'><strong>ultimum</strong></span> <span class='ocrx_word' id='word_1_221' title='bbox 467 1951 495 2005; x_wconf 93' lang='lat' dir='ltr'><strong>in</strong></span> <span class='ocrx_word' id='word_1_222' title='bbox 511 1959 609 2030; x_wconf 86' lang='lat' dir='ltr'><strong>terram</strong></span> <span class='ocrx_word' id='word_1_223' title='bbox 621 1949 853 2018; x_wconf 73' lang='lat' dir='ltr'><strong>repromissionis</strong></span> <span class='ocrx_word' id='word_1_224' title='bbox 877 1949 1004 2002; x_wconf 79' lang='lat' dir='ltr'><strong>induxit:</strong></span> <span class='ocrx_word' id='word_1_225' title='bbox 1057 1961 1110 2018; x_wconf 76' lang='lat' dir='ltr'><strong>set,</strong></span> <span class='ocrx_word' id='word_1_226' title='bbox 1127 1971 1179 2008; x_wconf 82' lang='lat' dir='ltr'><strong>non</strong></span> <span class='ocrx_word' id='word_1_227' title='bbox 1195 1952 1329 2007; x_wconf 81' lang='lat' dir='ltr'><strong>dimittam</strong></span> <span class='ocrx_word' id='word_1_228' title='bbox 1346 1953 1417 2006; x_wconf 83' lang='lat' dir='ltr'><strong>uobis</strong></span> <span class='ocrx_word' id='word_1_229' title='bbox 1433 1960 1540 2021; x_wconf 81' lang='lat' dir='ltr'><strong>peccato</strong></span> <span class='ocrx_word' id='word_1_230' title='bbox 1556 1963 1653 2014; x_wconf 85' lang='lat' dir='ltr'><strong>uestra,</strong></span> <span class='ocrx_word' id='word_1_231' title='bbox 1670 1948 1792 2006; x_wconf 82' lang='lat' dir='ltr'><strong>ostendit</strong></span> <span class='ocrx_word' id='word_1_232' title='bbox 1808 1955 1848 2004; x_wconf 84' lang='lat' dir='ltr'><strong>la·</strong></span> 
     </span>
     <span class='ocr_line' id='line_1_17' title="bbox 219 2037 1846 2116; baseline -0.002 -16"><span class='ocrx_word' id='word_1_233' title='bbox 219 2045 293 2101; x_wconf 84' lang='lat' dir='ltr'><strong>ctrod</strong></span> <span class='ocrx_word' id='word_1_234' title='bbox 310 2045 373 2113; x_wconf 88' lang='lat' dir='ltr'><strong>quia</strong></span> <span class='ocrx_word' id='word_1_235' title='bbox 393 2042 509 2112; x_wconf 91' lang='lat' dir='ltr'><strong>probare</strong></span> <span class='ocrx_word' id='word_1_236' title='bbox 525 2057 580 2095; x_wconf 93' lang='lat' dir='ltr'><strong>non</strong></span> <span class='ocrx_word' id='word_1_237' title='bbox 595 2047 684 2110; x_wconf 85' lang='lat' dir='ltr'><strong>potest</strong></span> <span class='ocrx_word' id='word_1_238' title='bbox 698 2039 752 2094; x_wconf 92' lang='lat' dir='ltr'><strong>dici</strong></span> <span class='ocrx_word' id='word_1_239' title='bbox 768 2039 801 2094; x_wconf 93' lang='lat' dir='ltr'><strong>de</strong></span> <span class='ocrx_word' id='word_1_240' title='bbox 815 2038 904 2102; x_wconf 82' lang='lat' dir='ltr'><strong>Patro,</strong></span> <span class='ocrx_word' id='word_1_241' title='bbox 915 2039 948 2094; x_wconf 90' lang='lat' dir='ltr'><strong>de</strong></span> <span class='ocrx_word' id='word_1_242' title='bbox 963 2037 1007 2093; x_wconf 86' lang='lat' dir='ltr'><strong>Fi·</strong></span> <span class='ocrx_word' id='word_1_243' title='bbox 1022 2038 1043 2092; x_wconf 81' lang='lat' dir='ltr'><strong>B</strong></span> <span class='ocrx_word' id='word_1_244' title='bbox 1058 2061 1121 2102; x_wconf 88' lang='lat' dir='ltr'><strong>tucn</strong></span> <span class='ocrx_word' id='word_1_245' title='bbox 1146 2045 1216 2116; x_wconf 90' lang='lat' dir='ltr'><strong>apud</strong></span> <span class='ocrx_word' id='word_1_246' title='bbox 1239 2060 1301 2100; x_wconf 89' lang='lat' dir='ltr'><strong>eum</strong></span> <span class='ocrx_word' id='word_1_247' title='bbox 1327 2045 1431 2098; x_wconf 93' lang='lat' dir='ltr'><strong>nullum</strong></span> <span class='ocrx_word' id='word_1_248' title='bbox 1454 2044 1622 2113; x_wconf 87' lang='lat' dir='ltr'><strong>impossibile</strong></span> <span class='ocrx_word' id='word_1_249' title='bbox 1646 2057 1718 2106; x_wconf 87' lang='lat' dir='ltr'><strong>esse,</strong></span> <span class='ocrx_word' id='word_1_250' title='bbox 1741 2043 1764 2099; x_wconf 92' lang='lat' dir='ltr'><strong>si</strong></span> <span class='ocrx_word' id='word_1_251' title='bbox 1790 2056 1846 2096; x_wconf 87' lang='lat' dir='ltr'><strong>utto</strong></span> 
     </span>
     <span class='ocr_line' id='line_1_18' title="bbox 219 2127 1844 2205; baseline 0.001 -18"><span class='ocrx_word' id='word_1_252' title='bbox 219 2133 257 2187; x_wconf 88' lang='lat' dir='ltr'><strong>ho</strong></span> <span class='ocrx_word' id='word_1_253' title='bbox 268 2131 391 2189; x_wconf 88' lang='lat' dir='ltr'><strong>couhteri</strong></span> <span class='ocrx_word' id='word_1_254' title='bbox 404 2139 526 2201; x_wconf 83' lang='lat' dir='ltr'><strong>cogetur,</strong></span> <span class='ocrx_word' id='word_1_255' title='bbox 537 2128 609 2199; x_wconf 92' lang='lat' dir='ltr'><strong>quod</strong></span> <span class='ocrx_word' id='word_1_256' title='bbox 622 2130 680 2198; x_wconf 91' lang='lat' dir='ltr'><strong>ipse</strong></span> <span class='ocrx_word' id='word_1_257' title='bbox 688 2142 742 2181; x_wconf 91' lang='lat' dir='ltr'><strong>non</strong></span> <span class='ocrx_word' id='word_1_258' title='bbox 754 2128 790 2182; x_wconf 87' lang='lat' dir='ltr'><strong>sit</strong></span> <span class='ocrx_word' id='word_1_259' title='bbox 805 2127 1005 2197; x_wconf 83' lang='lat' dir='ltr'><strong>agnitusabcls</strong></span> <span class='ocrx_word' id='word_1_260' title='bbox 1056 2147 1162 2194; x_wconf 87' lang='lat' dir='ltr'><strong>tantum</strong></span> <span class='ocrx_word' id='word_1_261' title='bbox 1174 2136 1306 2199; x_wconf 89' lang='lat' dir='ltr'><strong>remedio,</strong></span> <span class='ocrx_word' id='word_1_262' title='bbox 1317 2136 1370 2190; x_wconf 92' lang='lat' dir='ltr'><strong>hoc</strong></span> <span class='ocrx_word' id='word_1_263' title='bbox 1381 2145 1424 2191; x_wconf 88' lang='lat' dir='ltr'><strong>est</strong></span> <span class='ocrx_word' id='word_1_264' title='bbox 1436 2135 1563 2205; x_wconf 85' lang='lat' dir='ltr'><strong>baptismi</strong></span> <span class='ocrx_word' id='word_1_265' title='bbox 1578 2133 1844 2198; x_wconf 81' lang='lat' dir='ltr'><strong>lavacrosalutaris,</strong></span> 
     </span>
     <span class='ocr_line' id='line_1_19' title="bbox 219 2218 1585 2295; baseline -0.005 -14"><span class='ocrx_word' id='word_1_266' title='bbox 219 2239 309 2295; x_wconf 83' lang='lat' dir='ltr'><strong>neque</strong></span> <span class='ocrx_word' id='word_1_267' title='bbox 327 2224 491 2287; x_wconf 90' lang='lat' dir='ltr'><strong>intellectus,</strong></span> <span class='ocrx_word' id='word_1_268' title='bbox 505 2223 539 2278; x_wconf 92' lang='lat' dir='ltr'><strong>de</strong></span> <span class='ocrx_word' id='word_1_269' title='bbox 552 2228 640 2275; x_wconf 89' lang='lat' dir='ltr'><strong>matre</strong></span> <span class='ocrx_word' id='word_1_270' title='bbox 652 2218 763 2289; x_wconf 74' lang='lat' dir='ltr'><strong>Virgine</strong></span> <span class='ocrx_word' id='word_1_271' title='bbox 776 2228 867 2282; x_wconf 88' lang='lat' dir='ltr'><strong>natus,</strong></span> <span class='ocrx_word' id='word_1_272' title='bbox 885 2227 912 2273; x_wconf 90' lang='lat' dir='ltr'><strong>ct</strong></span> <span class='ocrx_word' id='word_1_273' title='bbox 927 2219 1006 2273; x_wconf 90' lang='lat' dir='ltr'><strong>rccli·</strong></span> <span class='ocrx_word' id='word_1_274' title='bbox 1057 2227 1158 2284; x_wconf 63' lang='lat' dir='ltr'><strong>saivari</strong></span> <span class='ocrx_word' id='word_1_275' title='bbox 1171 2227 1319 2283; x_wconf 72' lang='lat' dir='ltr'><strong>voluerint,</strong></span> <span class='ocrx_word' id='word_1_276' title='bbox 1334 2225 1411 2282; x_wconf 77' lang='lat' dir='ltr'><strong>Unde</strong></span> <span class='ocrx_word' id='word_1_277' title='bbox 1425 2224 1562 2282; x_wconf 68' lang='lat' dir='ltr'><strong>subinfert</strong></span> <span class='ocrx_word' id='word_1_278' title='bbox 1580 2245 1585 2281; x_wconf 86' lang='lat'><strong>:</strong></span> 
     </span>
     <span class='ocr_line' id='line_1_20' title="bbox 219 2315 1802 2391; baseline 0 -18"><span class='ocrx_word' id='word_1_279' title='bbox 219 2325 303 2373; x_wconf 88' lang='lat' dir='ltr'><strong>uatus</strong></span> <span class='ocrx_word' id='word_1_280' title='bbox 314 2317 342 2372; x_wconf 92' lang='lat' dir='ltr'><strong>in</strong></span> <span class='ocrx_word' id='word_1_281' title='bbox 358 2318 499 2388; x_wconf 80' lang='lat' dir='ltr'><strong>presepio,</strong></span> <span class='ocrx_word' id='word_1_282' title='bbox 514 2318 560 2374; x_wconf 92' lang='lat' dir='ltr'><strong>ubi</strong></span> <span class='ocrx_word' id='word_1_283' title='bbox 575 2334 637 2375; x_wconf 88' lang='lat' dir='ltr'><strong>eum</strong></span> <span class='ocrx_word' id='word_1_284' title='bbox 654 2327 778 2390; x_wconf 87' lang='lat' dir='ltr'><strong>pastores</strong></span> <span class='ocrx_word' id='word_1_285' title='bbox 791 2334 920 2391; x_wconf 85' lang='lat' dir='ltr'><strong>pecorum</strong></span> <span class='ocrx_word' id='word_1_286' title='bbox 931 2318 1007 2373; x_wconf 87' lang='lat' dir='ltr'><strong>ride·</strong></span> <span class='ocrx_word' id='word_1_287' title='bbox 1052 2315 1054 2318; x_wconf 46' lang='lat'><em>⁴</em></span> <span class='ocrx_word' id='word_1_288' title='bbox 1098 2317 1254 2374; x_wconf 80' lang='lat' dir='ltr'><strong>dudaorum</strong></span> <span class='ocrx_word' id='word_1_289' title='bbox 1269 2329 1375 2388; x_wconf 84' lang='lat' dir='ltr'><strong>peccata</strong></span> <span class='ocrx_word' id='word_1_290' title='bbox 1391 2334 1460 2389; x_wconf 86' lang='lat' dir='ltr'><strong>aqua</strong></span> <span class='ocrx_word' id='word_1_291' title='bbox 1477 2317 1644 2386; x_wconf 77' lang='lat' dir='ltr'><strong>baptismatis</strong></span> <span class='ocrx_word' id='word_1_292' title='bbox 1660 2317 1802 2373; x_wconf 86' lang='lat' dir='ltr'><strong>abluenda.</strong></span> 
     </span>
     <span class='ocr_line' id='line_1_21' title="bbox 220 2409 1834 2483; baseline 0.001 -20"><span class='ocrx_word' id='word_1_293' title='bbox 220 2416 288 2463; x_wconf 89' lang='lat' dir='ltr'><strong>runt</strong></span> <span class='ocrx_word' id='word_1_294' title='bbox 311 2418 339 2466; x_wconf 92' lang='lat' dir='ltr'><strong>et</strong></span> <span class='ocrx_word' id='word_1_295' title='bbox 363 2409 565 2476; x_wconf 81' lang='lat' dir='ltr'><strong>intellexerunt,</strong></span> <span class='ocrx_word' id='word_1_296' title='bbox 583 2426 615 2466; x_wconf 91' lang='lat' dir='ltr'><strong>ac</strong></span> <span class='ocrx_word' id='word_1_297' title='bbox 639 2411 712 2466; x_wconf 88' lang='lat' dir='ltr'><strong>sicut</strong></span> <span class='ocrx_word' id='word_1_298' title='bbox 735 2409 819 2466; x_wconf 88' lang='lat' dir='ltr'><strong>Deum</strong></span> <span class='ocrx_word' id='word_1_299' title='bbox 835 2409 1006 2483; x_wconf 80' lang='lat' dir='ltr'><strong>glorificave—</strong></span> <span class='ocrx_word' id='word_1_300' title='bbox 1093 2409 1137 2466; x_wconf 84' lang='lat' dir='ltr'><strong>oo.</strong></span> <span class='ocrx_word' id='word_1_301' title='bbox 1157 2409 1307 2474; x_wconf 78' lang='lat' dir='ltr'><strong>lavamini,</strong></span> <span class='ocrx_word' id='word_1_302' title='bbox 1322 2409 1414 2463; x_wconf 90' lang='lat' dir='ltr'><strong>mundi</strong></span> <span class='ocrx_word' id='word_1_303' title='bbox 1429 2418 1521 2473; x_wconf 83' lang='lat' dir='ltr'><strong>estote,</strong></span> <span class='ocrx_word' id='word_1_304' title='bbox 1538 2411 1639 2480; x_wconf 71' lang='lat' dir='ltr'><strong>auferte</strong></span> <span class='ocrx_word' id='word_1_305' title='bbox 1658 2409 1758 2465; x_wconf 85' lang='lat' dir='ltr'><strong>malum</strong></span> <span class='ocrx_word' id='word_1_306' title='bbox 1774 2409 1834 2480; x_wconf 82' lang='lat' dir='ltr'><strong>copi</strong></span> 
     </span>
    </p>
   </div>
   <div class='ocr_carea' id='block_1_3' title="bbox 220 2501 1845 2572">
    <p class='ocr_par' dir='ltr' id='par_1_3' title="bbox 220 2501 1845 2572">
     <span class='ocr_line' id='line_1_22' title="bbox 220 2501 1845 2572; baseline 0.002 -17"><span class='ocrx_word' id='word_1_307' title='bbox 220 2507 296 2556; x_wconf 87' lang='lat' dir='ltr'><strong>runt.</strong></span> <span class='ocrx_word' id='word_1_308' title='bbox 1058 2503 1187 2557; x_wconf 89' lang='lat' dir='ltr'><strong>tatiouum</strong></span> <span class='ocrx_word' id='word_1_309' title='bbox 1202 2511 1346 2557; x_wconf 76' lang='lat' dir='ltr'><strong>uestrarum</strong></span> <span class='ocrx_word' id='word_1_310' title='bbox 1362 2501 1395 2555; x_wconf 88' lang='lat' dir='ltr'><strong>alt</strong></span> <span class='ocrx_word' id='word_1_311' title='bbox 1412 2502 1494 2557; x_wconf 70' lang='lat' dir='ltr'><strong>oculis</strong></span> <span class='ocrx_word' id='word_1_312' title='bbox 1513 2502 1576 2556; x_wconf 87' lang='lat' dir='ltr'><strong>meis</strong></span> <span class='ocrx_word' id='word_1_313' title='bbox 1598 2502 1698 2572; x_wconf 73' lang='lat' dir='ltr'><strong>titia).</strong></span> <span class='ocrx_word' id='word_1_314' title='bbox 1718 2501 1787 2569; x_wconf 83' lang='lat' dir='ltr'><strong>Quid</strong></span> <span class='ocrx_word' id='word_1_315' title='bbox 1801 2508 1845 2558; x_wconf 78' lang='lat' dir='ltr'><strong>est</strong></span> 
     </span>
    </p>
   </div>
   <div class='ocr_carea' id='block_1_4' title="bbox 220 2590 1007 3122">
    <p class='ocr_par' dir='ltr' id='par_1_4' title="bbox 220 2590 1007 3122">
     <span class='ocr_line' id='line_1_23' title="bbox 255 2590 1004 2663; baseline 0.001 -18"><span class='ocrx_word' id='word_1_316' title='bbox 255 2590 301 2645; x_wconf 79' lang='lat' dir='ltr'><strong>st.</strong></span> <span class='ocrx_word' id='word_1_317' title='bbox 325 2590 371 2645; x_wconf 79' lang='lat' dir='ltr'><strong>Va</strong></span> <span class='ocrx_word' id='word_1_318' title='bbox 388 2592 459 2662; x_wconf 83' lang='lat' dir='ltr'><strong>genti</strong></span> <span class='ocrx_word' id='word_1_319' title='bbox 477 2593 630 2662; x_wconf 82' lang='lat' dir='ltr'><strong>peccatrici,</strong></span> <span class='ocrx_word' id='word_1_320' title='bbox 648 2593 744 2662; x_wconf 88' lang='lat' dir='ltr'><strong>populo</strong></span> <span class='ocrx_word' id='word_1_321' title='bbox 761 2594 835 2663; x_wconf 85' lang='lat' dir='ltr'><strong>grani</strong></span> <span class='ocrx_word' id='word_1_322' title='bbox 856 2593 1004 2662; x_wconf 86' lang='lat' dir='ltr'><strong>iniquitate,</strong></span> 
     </span>
     <span class='ocr_line' id='line_1_24' title="bbox 221 2683 1004 2756; baseline 0 -20"><span class='ocrx_word' id='word_1_323' title='bbox 221 2683 315 2736; x_wconf 82' lang='lat' dir='ltr'><strong>ceruini</strong></span> <span class='ocrx_word' id='word_1_324' title='bbox 332 2699 453 2753; x_wconf 85' lang='lat' dir='ltr'><strong>nequam,</strong></span> <span class='ocrx_word' id='word_1_325' title='bbox 470 2685 534 2754; x_wconf 77' lang='lat' dir='ltr'><strong>filiis</strong></span> <span class='ocrx_word' id='word_1_326' title='bbox 550 2684 702 2739; x_wconf 83' lang='lat' dir='ltr'><strong>secleratis!</strong></span> <span class='ocrx_word' id='word_1_327' title='bbox 721 2684 816 2756; x_wconf 79' lang='lat' dir='ltr'><strong>(itit.)</strong></span> <span class='ocrx_word' id='word_1_328' title='bbox 831 2683 888 2747; x_wconf 81' lang='lat' dir='ltr'><strong>nae,</strong></span> <span class='ocrx_word' id='word_1_329' title='bbox 905 2684 1004 2753; x_wconf 90' lang='lat' dir='ltr'><strong>inquit,</strong></span> 
     </span>
     <span class='ocr_line' id='line_1_25' title="bbox 221 2774 1006 2850; baseline 0 -21"><span class='ocrx_word' id='word_1_330' title='bbox 221 2776 296 2845; x_wconf 90' lang='lat' dir='ltr'><strong>genti</strong></span> <span class='ocrx_word' id='word_1_331' title='bbox 310 2774 464 2830; x_wconf 82' lang='lat' dir='ltr'><strong>Judaeornm</strong></span> <span class='ocrx_word' id='word_1_332' title='bbox 479 2776 507 2830; x_wconf 92' lang='lat' dir='ltr'><strong>in</strong></span> <span class='ocrx_word' id='word_1_333' title='bbox 521 2776 572 2830; x_wconf 95' lang='lat' dir='ltr'><strong>hoc</strong></span> <span class='ocrx_word' id='word_1_334' title='bbox 590 2777 746 2850; x_wconf 81' lang='lat' dir='ltr'><strong>peccatrici,</strong></span> <span class='ocrx_word' id='word_1_335' title='bbox 762 2776 835 2846; x_wconf 93' lang='lat' dir='ltr'><strong>quod</strong></span> <span class='ocrx_word' id='word_1_336' title='bbox 851 2791 906 2831; x_wconf 92' lang='lat' dir='ltr'><strong>non</strong></span> <span class='ocrx_word' id='word_1_337' title='bbox 921 2791 1006 2847; x_wconf 91' lang='lat' dir='ltr'><strong>agno·</strong></span> 
     </span>
     <span class='ocr_line' id='line_1_26' title="bbox 220 2864 1007 2936; baseline 0.003 -18"><span class='ocrx_word' id='word_1_338' title='bbox 220 2866 260 2919; x_wconf 83' lang='lat' dir='ltr'><strong>rit</strong></span> <span class='ocrx_word' id='word_1_339' title='bbox 277 2881 365 2936; x_wconf 92' lang='lat' dir='ltr'><strong>nequo</strong></span> <span class='ocrx_word' id='word_1_340' title='bbox 384 2865 486 2935; x_wconf 87' lang='lat' dir='ltr'><strong>reecpit</strong></span> <span class='ocrx_word' id='word_1_341' title='bbox 504 2864 693 2930; x_wconf 84' lang='lat' dir='ltr'><strong>Salvatorcm,</strong></span> <span class='ocrx_word' id='word_1_342' title='bbox 719 2866 766 2922; x_wconf 92' lang='lat' dir='ltr'><strong>scd</strong></span> <span class='ocrx_word' id='word_1_343' title='bbox 786 2866 932 2922; x_wconf 89' lang='lat' dir='ltr'><strong>interiecit.</strong></span> <span class='ocrx_word' id='word_1_344' title='bbox 953 2866 1007 2920; x_wconf 87' lang='lat' dir='ltr'><strong>Po·</strong></span> 
     </span>
     <span class='ocr_line' id='line_1_27' title="bbox 220 2958 1006 3031; baseline 0.003 -19"><span class='ocrx_word' id='word_1_345' title='bbox 220 2958 285 3029; x_wconf 85' lang='lat' dir='ltr'><strong>pulo</strong></span> <span class='ocrx_word' id='word_1_346' title='bbox 301 2960 376 3031; x_wconf 81' lang='lat' dir='ltr'><strong>graui</strong></span> <span class='ocrx_word' id='word_1_347' title='bbox 392 2961 540 3029; x_wconf 77' lang='lat' dir='ltr'><strong>iniquitate,</strong></span> <span class='ocrx_word' id='word_1_348' title='bbox 556 2959 608 3014; x_wconf 92' lang='lat' dir='ltr'><strong>hoc</strong></span> <span class='ocrx_word' id='word_1_349' title='bbox 625 2967 668 3015; x_wconf 88' lang='lat' dir='ltr'><strong>est</strong></span> <span class='ocrx_word' id='word_1_350' title='bbox 687 2966 800 3013; x_wconf 90' lang='lat' dir='ltr'><strong>onerato</strong></span> <span class='ocrx_word' id='word_1_351' title='bbox 818 2959 940 3029; x_wconf 90' lang='lat' dir='ltr'><strong>peccatis</strong></span> <span class='ocrx_word' id='word_1_352' title='bbox 957 2959 1006 3014; x_wconf 93' lang='lat' dir='ltr'><strong>ho·</strong></span> 
     </span>
     <span class='ocr_line' id='line_1_28' title="bbox 221 3050 1005 3122; baseline 0 -17"><span class='ocrx_word' id='word_1_353' title='bbox 221 3050 327 3106; x_wconf 88' lang='lat' dir='ltr'><strong>micidii</strong></span> <span class='ocrx_word' id='word_1_354' title='bbox 347 3058 374 3105; x_wconf 90' lang='lat' dir='ltr'><strong>et</strong></span> <span class='ocrx_word' id='word_1_355' title='bbox 393 3059 568 3122; x_wconf 85' lang='lat' dir='ltr'><strong>contemptus</strong></span> <span class='ocrx_word' id='word_1_356' title='bbox 591 3052 619 3106; x_wconf 94' lang='lat' dir='ltr'><strong>in</strong></span> <span class='ocrx_word' id='word_1_357' title='bbox 641 3051 737 3107; x_wconf 86' lang='lat' dir='ltr'><strong>ileum.</strong></span> <span class='ocrx_word' id='word_1_358' title='bbox 761 3051 861 3107; x_wconf 87' lang='lat' dir='ltr'><strong>Semini</strong></span> <span class='ocrx_word' id='word_1_359' title='bbox 883 3068 1005 3122; x_wconf 88' lang='lat' dir='ltr'><strong>nequam,</strong></span> 
     </span>
    </p>
   </div>
   <div class='ocr_carea' id='block_1_5' title="bbox 1056 2589 1847 3121">
    <p class='ocr_par' dir='ltr' id='par_1_5' title="bbox 1056 2589 1847 3121">
     <span class='ocr_line' id='line_1_29' title="bbox 1056 2589 1847 2662; baseline -0.003 -14"><span class='ocrx_word' id='word_1_360' title='bbox 1056 2591 1142 2648; x_wconf 77' lang='lat' dir='ltr'><strong>lavari</strong></span> <span class='ocrx_word' id='word_1_361' title='bbox 1161 2592 1215 2647; x_wconf 92' lang='lat' dir='ltr'><strong>nisi</strong></span> <span class='ocrx_word' id='word_1_362' title='bbox 1235 2592 1389 2662; x_wconf 81' lang='lat' dir='ltr'><strong>baptizarit</strong></span> <span class='ocrx_word' id='word_1_363' title='bbox 1410 2592 1488 2662; x_wconf 89' lang='lat' dir='ltr'><strong>llqua</strong></span> <span class='ocrx_word' id='word_1_364' title='bbox 1508 2592 1576 2646; x_wconf 89' lang='lat' dir='ltr'><strong>nibil</strong></span> <span class='ocrx_word' id='word_1_365' title='bbox 1596 2591 1709 2662; x_wconf 90' lang='lat' dir='ltr'><strong>prodest</strong></span> <span class='ocrx_word' id='word_1_366' title='bbox 1721 2589 1776 2647; x_wconf 87' lang='lat' dir='ltr'><strong>nisi</strong></span> <span class='ocrx_word' id='word_1_367' title='bbox 1796 2589 1847 2646; x_wconf 79' lang='lat' dir='ltr'><strong>ad-</strong></span> 
     </span>
     <span class='ocr_line' id='line_1_30' title="bbox 1057 2682 1846 2757; baseline 0.001 -18"><span class='ocrx_word' id='word_1_368' title='bbox 1057 2685 1139 2741; x_wconf 87' lang='lat' dir='ltr'><strong>iuerit</strong></span> <span class='ocrx_word' id='word_1_369' title='bbox 1160 2686 1206 2757; x_wconf 88' lang='lat' dir='ltr'><strong>qui</strong></span> <span class='ocrx_word' id='word_1_370' title='bbox 1231 2685 1423 2742; x_wconf 91' lang='lat' dir='ltr'><strong>remissionem</strong></span> <span class='ocrx_word' id='word_1_371' title='bbox 1446 2693 1620 2755; x_wconf 88' lang='lat' dir='ltr'><strong>peccatorum</strong></span> <span class='ocrx_word' id='word_1_372' title='bbox 1646 2683 1762 2740; x_wconf 90' lang='lat' dir='ltr'><strong>dederit.</strong></span> <span class='ocrx_word' id='word_1_373' title='bbox 1784 2682 1846 2740; x_wconf 86' lang='lat' dir='ltr'><strong>Nou</strong></span> 
     </span>
     <span class='ocr_line' id='line_1_31' title="bbox 1056 2773 1845 2847; baseline 0 -16"><span class='ocrx_word' id='word_1_374' title='bbox 1056 2790 1123 2846; x_wconf 87' lang='lat' dir='ltr'><strong>ergo</strong></span> <span class='ocrx_word' id='word_1_375' title='bbox 1139 2775 1173 2832; x_wconf 90' lang='lat' dir='ltr'><strong>de</strong></span> <span class='ocrx_word' id='word_1_376' title='bbox 1190 2775 1264 2831; x_wconf 88' lang='lat' dir='ltr'><strong>omni</strong></span> <span class='ocrx_word' id='word_1_377' title='bbox 1279 2790 1349 2846; x_wconf 89' lang='lat' dir='ltr'><strong>aqua</strong></span> <span class='ocrx_word' id='word_1_378' title='bbox 1362 2775 1484 2847; x_wconf 81' lang='lat' dir='ltr'><strong>jubetur,</strong></span> <span class='ocrx_word' id='word_1_379' title='bbox 1503 2783 1532 2830; x_wconf 90' lang='lat' dir='ltr'><strong>ut</strong></span> <span class='ocrx_word' id='word_1_380' title='bbox 1548 2775 1684 2839; x_wconf 72' lang='lat' dir='ltr'><strong>laventur,</strong></span> <span class='ocrx_word' id='word_1_381' title='bbox 1701 2774 1750 2831; x_wconf 89' lang='lat' dir='ltr'><strong>sed</strong></span> <span class='ocrx_word' id='word_1_382' title='bbox 1764 2773 1798 2831; x_wconf 89' lang='lat' dir='ltr'><strong>de</strong></span> <span class='ocrx_word' id='word_1_383' title='bbox 1811 2789 1845 2831; x_wconf 86' lang='lat' dir='ltr'><strong>oa</strong></span> 
     </span>
     <span class='ocr_line' id='line_1_32' title="bbox 1056 2866 1847 2938; baseline 0 -18"><span class='ocrx_word' id='word_1_384' title='bbox 1056 2874 1163 2921; x_wconf 91' lang='lat' dir='ltr'><strong>tanturn</strong></span> <span class='ocrx_word' id='word_1_385' title='bbox 1183 2867 1286 2938; x_wconf 92' lang='lat' dir='ltr'><strong>inqua</strong></span> <span class='ocrx_word' id='word_1_386' title='bbox 1309 2875 1420 2938; x_wconf 86' lang='lat' dir='ltr'><strong>peccata</strong></span> <span class='ocrx_word' id='word_1_387' title='bbox 1442 2866 1623 2931; x_wconf 90' lang='lat' dir='ltr'><strong>inundantur,</strong></span> <span class='ocrx_word' id='word_1_388' title='bbox 1646 2880 1709 2937; x_wconf 81' lang='lat' dir='ltr'><strong>quas</strong></span> <span class='ocrx_word' id='word_1_389' title='bbox 1728 2871 1847 2920; x_wconf 85' lang='lat' dir='ltr'><strong>nonest</strong></span> 
     </span>
     <span class='ocr_line' id='line_1_33' title="bbox 1057 2956 1846 3029; baseline -0.001 -19"><span class='ocrx_word' id='word_1_390' title='bbox 1057 2957 1112 3011; x_wconf 90' lang='lat' dir='ltr'><strong>alia</strong></span> <span class='ocrx_word' id='word_1_391' title='bbox 1132 2957 1185 3012; x_wconf 92' lang='lat' dir='ltr'><strong>nisi</strong></span> <span class='ocrx_word' id='word_1_392' title='bbox 1206 2972 1278 3029; x_wconf 90' lang='lat' dir='ltr'><strong>aqua</strong></span> <span class='ocrx_word' id='word_1_393' title='bbox 1297 2957 1482 3029; x_wconf 87' lang='lat' dir='ltr'><strong>baptismatis.</strong></span> <span class='ocrx_word' id='word_1_394' title='bbox 1503 2956 1535 3010; x_wconf 86' lang='lat' dir='ltr'><strong>Et</strong></span> <span class='ocrx_word' id='word_1_395' title='bbox 1555 2957 1608 3013; x_wconf 91' lang='lat' dir='ltr'><strong>hoc</strong></span> <span class='ocrx_word' id='word_1_396' title='bbox 1630 2957 1714 3012; x_wconf 82' lang='lat' dir='ltr'><strong>facile</strong></span> <span class='ocrx_word' id='word_1_397' title='bbox 1734 2956 1846 3028; x_wconf 87' lang='lat' dir='ltr'><strong>probari</strong></span> 
     </span>
     <span class='ocr_line' id='line_1_34' title="bbox 1058 3049 1847 3121; baseline 0.008 -19"><span class='ocrx_word' id='word_1_398' title='bbox 1058 3054 1157 3118; x_wconf 87' lang='lat' dir='ltr'><strong>potest,</strong></span> <span class='ocrx_word' id='word_1_399' title='bbox 1174 3062 1238 3102; x_wconf 91' lang='lat' dir='ltr'><strong>uam</strong></span> <span class='ocrx_word' id='word_1_400' title='bbox 1257 3063 1318 3103; x_wconf 92' lang='lat' dir='ltr'><strong>cum</strong></span> <span class='ocrx_word' id='word_1_401' title='bbox 1338 3049 1465 3120; x_wconf 87' lang='lat' dir='ltr'><strong>superius</strong></span> <span class='ocrx_word' id='word_1_402' title='bbox 1484 3051 1673 3121; x_wconf 81' lang='lat' dir='ltr'><strong>praemisisset,</strong></span> <span class='ocrx_word' id='word_1_403' title='bbox 1689 3051 1787 3108; x_wconf 74' lang='lat' dir='ltr'><strong>Marsus</strong></span> <span class='ocrx_word' id='word_1_404' title='bbox 1805 3069 1847 3108; x_wconf 85' lang='lat' dir='ltr'><strong>ae·</strong></span> 
     </span>
    </p>
   </div>
   <div class='ocr_carea' id='block_1_6' title="bbox 221 3139 1848 3687">
    <p class='ocr_par' dir='ltr' id='par_1_6' title="bbox 221 3139 1848 3399">
     <span class='ocr_line' id='line_1_35' title="bbox 1057 3139 1845 3211; baseline 0.008 -17"><span class='ocrx_word' id='word_1_405' title='bbox 1057 3150 1122 3194; x_wconf 86' lang='lat' dir='ltr'><strong>stra</strong></span> <span class='ocrx_word' id='word_1_406' title='bbox 1133 3141 1262 3211; x_wconf 82' lang='lat' dir='ltr'><strong>sanguiue</strong></span> <span class='ocrx_word' id='word_1_407' title='bbox 1276 3139 1359 3210; x_wconf 80' lang='lat' dir='ltr'><strong>plena</strong></span> <span class='ocrx_word' id='word_1_408' title='bbox 1370 3150 1442 3207; x_wconf 85' lang='lat' dir='ltr'><strong>sunt,</strong></span> <span class='ocrx_word' id='word_1_409' title='bbox 1453 3151 1480 3199; x_wconf 86' lang='lat' dir='ltr'><strong>et</strong></span> <span class='ocrx_word' id='word_1_410' title='bbox 1489 3141 1605 3199; x_wconf 85' lang='lat' dir='ltr'><strong>lustitia</strong></span> <span class='ocrx_word' id='word_1_411' title='bbox 1616 3145 1745 3201; x_wconf 83' lang='lat' dir='ltr'><strong>habitauit</strong></span> <span class='ocrx_word' id='word_1_412' title='bbox 1759 3146 1786 3200; x_wconf 88' lang='lat' dir='ltr'><strong>in</strong></span> <span class='ocrx_word' id='word_1_413' title='bbox 1795 3162 1845 3211; x_wconf 88' lang='lat' dir='ltr'><strong>ca,</strong></span> 
     </span>
     <span class='ocr_line' id='line_1_36' title="bbox 221 3231 1848 3307; baseline 0.003 -20"><span class='ocrx_word' id='word_1_414' title='bbox 221 3248 303 3289; x_wconf 87' lang='lat' dir='ltr'><strong>omne</strong></span> <span class='ocrx_word' id='word_1_415' title='bbox 324 3235 456 3290; x_wconf 88' lang='lat' dir='ltr'><strong>scelerum</strong></span> <span class='ocrx_word' id='word_1_416' title='bbox 478 3251 564 3307; x_wconf 90' lang='lat' dir='ltr'><strong>genus</strong></span> <span class='ocrx_word' id='word_1_417' title='bbox 584 3235 702 3290; x_wconf 84' lang='lat' dir='ltr'><strong>inllurit.</strong></span> <span class='ocrx_word' id='word_1_418' title='bbox 723 3235 758 3289; x_wconf 79' lang='lat' dir='ltr'><strong>lit</strong></span> <span class='ocrx_word' id='word_1_419' title='bbox 779 3250 891 3292; x_wconf 88' lang='lat' dir='ltr'><strong>causam</strong></span> <span class='ocrx_word' id='word_1_420' title='bbox 914 3235 1007 3292; x_wconf 86' lang='lat' dir='ltr'><strong>subdit</strong></span> <span class='ocrx_word' id='word_1_421' title='bbox 1058 3248 1127 3285; x_wconf 88' lang='lat' dir='ltr'><strong>nanc</strong></span> <span class='ocrx_word' id='word_1_422' title='bbox 1140 3241 1229 3286; x_wconf 80' lang='lat' dir='ltr'><strong>antam</strong></span> <span class='ocrx_word' id='word_1_423' title='bbox 1244 3231 1391 3301; x_wconf 78' lang='lat' dir='ltr'><strong>homicida,</strong></span> <span class='ocrx_word' id='word_1_424' title='bbox 1406 3233 1439 3290; x_wconf 90' lang='lat' dir='ltr'><strong>de</strong></span> <span class='ocrx_word' id='word_1_425' title='bbox 1454 3237 1597 3307; x_wconf 88' lang='lat' dir='ltr'><strong>sanguinis</strong></span> <span class='ocrx_word' id='word_1_426' title='bbox 1609 3237 1744 3292; x_wconf 83' lang='lat' dir='ltr'><strong>oltusione</strong></span> <span class='ocrx_word' id='word_1_427' title='bbox 1756 3245 1784 3294; x_wconf 92' lang='lat' dir='ltr'><strong>et</strong></span> <span class='ocrx_word' id='word_1_428' title='bbox 1797 3238 1848 3292; x_wconf 88' lang='lat' dir='ltr'><strong>ho</strong></span> 
     </span>
     <span class='ocr_line' id='line_1_37' title="bbox 221 3313 1847 3399; baseline 0.001 -17"><span class='ocrx_word' id='word_1_429' title='bbox 221 3335 362 3382; x_wconf 84' lang='lat' dir='ltr'><strong>curtante</strong></span> <span class='ocrx_word' id='word_1_430' title='bbox 377 3330 495 3399; x_wconf 88' lang='lat' dir='ltr'><strong>populus</strong></span> <span class='ocrx_word' id='word_1_431' title='bbox 512 3327 668 3384; x_wconf 79' lang='lat' dir='ltr'><strong>ludaeorum</strong></span> <span class='ocrx_word' id='word_1_432' title='bbox 684 3328 831 3384; x_wconf 76' lang='lat' dir='ltr'><strong>denotetur</strong></span> <span class='ocrx_word' id='word_1_433' title='bbox 847 3327 970 3384; x_wconf 76' lang='lat' dir='ltr'><strong>infamia.</strong></span> <span class='ocrx_word' id='word_1_434' title='bbox 1059 3323 1170 3378; x_wconf 86' lang='lat' dir='ltr'><strong>uticidio</strong></span> <span class='ocrx_word' id='word_1_435' title='bbox 1189 3336 1331 3394; x_wconf 91' lang='lat' dir='ltr'><strong>peccatum</strong></span> <span class='ocrx_word' id='word_1_436' title='bbox 1352 3342 1400 3382; x_wconf 89' lang='lat' dir='ltr'><strong>eos</strong></span> <span class='ocrx_word' id='word_1_437' title='bbox 1419 3329 1592 3384; x_wconf 84' lang='lat' dir='ltr'><strong>contraxisse</strong></span> <span class='ocrx_word' id='word_1_438' title='bbox 1613 3313 1767 3396; x_wconf 84' lang='lat' dir='ltr'><strong>denuntiat,</strong></span> <span class='ocrx_word' id='word_1_439' title='bbox 1790 3336 1847 3384; x_wconf 83' lang='lat' dir='ltr'><strong>sta·</strong></span> 
     </span>
    </p>

    <p class='ocr_par' dir='ltr' id='par_1_7' title="bbox 222 3389 1845 3687">
     <span class='ocr_line' id='line_1_38' title="bbox 257 3389 1843 3491; baseline 0.005 -16"><span class='ocrx_word' id='word_1_440' title='bbox 257 3419 303 3475; x_wconf 79' lang='lat'><strong>58.</strong></span> <span class='ocrx_word' id='word_1_441' title='bbox 318 3420 515 3490; x_wconf 75' lang='lat' dir='ltr'><strong>dereliquerunt</strong></span> <span class='ocrx_word' id='word_1_442' title='bbox 526 3421 679 3486; x_wconf 86' lang='lat' dir='ltr'><strong>Dominam,</strong></span> <span class='ocrx_word' id='word_1_443' title='bbox 690 3389 1045 3491; x_wconf 82' lang='lat' dir='ltr'><strong>blasphematuruntStto-c</strong></span> <span class='ocrx_word' id='word_1_444' title='bbox 1060 3414 1163 3485; x_wconf 88' lang='lat' dir='ltr'><strong>timque</strong></span> <span class='ocrx_word' id='word_1_445' title='bbox 1179 3415 1315 3472; x_wconf 73' lang='lat' dir='ltr'><strong>subinfert</strong></span> <span class='ocrx_word' id='word_1_446' title='bbox 1331 3416 1404 3488; x_wconf 80' lang='lat' dir='ltr'><strong>qnod</strong></span> <span class='ocrx_word' id='word_1_447' title='bbox 1422 3434 1478 3473; x_wconf 82' lang='lat' dir='ltr'><strong>nnn</strong></span> <span class='ocrx_word' id='word_1_448' title='bbox 1493 3418 1611 3480; x_wconf 71' lang='lat' dir='ltr'><strong>dimittet</strong></span> <span class='ocrx_word' id='word_1_449' title='bbox 1626 3419 1667 3484; x_wconf 74' lang='grc'><strong>111</strong></span> <span class='ocrx_word' id='word_1_450' title='bbox 1682 3418 1734 3475; x_wconf 76' lang='lat'><strong>¹¹⁰0</strong></span> <span class='ocrx_word' id='word_1_451' title='bbox 1749 3433 1843 3489; x_wconf 84' lang='lat' dir='ltr'><strong>pecca·</strong></span> 
     </span>
     <span class='ocr_line' id='line_1_39' title="bbox 222 3508 1845 3583; baseline 0.001 -15"><span class='ocrx_word' id='word_1_452' title='bbox 222 3524 293 3569; x_wconf 83' lang='lat' dir='ltr'><strong>ctum</strong></span> <span class='ocrx_word' id='word_1_453' title='bbox 309 3512 405 3576; x_wconf 83' lang='lat' dir='ltr'><strong>lsrael,</strong></span> <span class='ocrx_word' id='word_1_454' title='bbox 419 3513 564 3569; x_wconf 79' lang='lat' dir='ltr'><strong>abalienati</strong></span> <span class='ocrx_word' id='word_1_455' title='bbox 576 3517 637 3569; x_wconf 74' lang='lat' dir='ltr'><strong>sunt</strong></span> <span class='ocrx_word' id='word_1_456' title='bbox 652 3523 796 3568; x_wconf 79' lang='lat' dir='ltr'><strong>retrorsum</strong></span> <span class='ocrx_word' id='word_1_457' title='bbox 811 3512 918 3583; x_wconf 71' lang='lat' dir='ltr'><strong>(loidi.</strong></span> <span class='ocrx_word' id='word_1_458' title='bbox 930 3513 1010 3569; x_wconf 83' lang='lat' dir='ltr'><strong>Dere-</strong></span> <span class='ocrx_word' id='word_1_459' title='bbox 1059 3513 1127 3570; x_wconf 90' lang='lat' dir='ltr'><strong>tum,</strong></span> <span class='ocrx_word' id='word_1_460' title='bbox 1148 3508 1201 3562; x_wconf 76' lang='lat' dir='ltr'><strong>nini</strong></span> <span class='ocrx_word' id='word_1_461' title='bbox 1222 3509 1349 3565; x_wconf 83' lang='lat' dir='ltr'><strong>latentur</strong></span> <span class='ocrx_word' id='word_1_462' title='bbox 1366 3517 1394 3565; x_wconf 76' lang='lat' dir='ltr'><strong>et</strong></span> <span class='ocrx_word' id='word_1_463' title='bbox 1414 3510 1591 3566; x_wconf 73' lang='lat' dir='ltr'><strong>inundentur·</strong></span> <span class='ocrx_word' id='word_1_464' title='bbox 1610 3510 1651 3566; x_wconf 78' lang='lat' dir='ltr'><strong>Ac·</strong></span> <span class='ocrx_word' id='word_1_465' title='bbox 1670 3510 1694 3566; x_wconf 81' lang='lat' dir='ltr'><strong>si</strong></span> <span class='ocrx_word' id='word_1_466' title='bbox 1713 3510 1817 3579; x_wconf 75' lang='lat' dir='ltr'><strong>diceret</strong></span> <span class='ocrx_word' id='word_1_467' title='bbox 1837 3530 1845 3568; x_wconf 74' lang='grc' dir='ltr'><em>τ</em></span> 
     </span>
     <span class='ocr_line' id='line_1_40' title="bbox 222 3595 1845 3687; baseline 0.005 -29"><span class='ocrx_word' id='word_1_468' title='bbox 222 3604 361 3674; x_wconf 87' lang='lat' dir='ltr'><strong>liquerunt</strong></span> <span class='ocrx_word' id='word_1_469' title='bbox 381 3604 526 3687; x_wconf 81' lang='lat' dir='ltr'><strong>Dominum</strong></span> <span class='ocrx_word' id='word_1_470' title='bbox 546 3605 750 3660; x_wconf 89' lang='lat' dir='ltr'><strong>conclamantes</strong></span> <span class='ocrx_word' id='word_1_471' title='bbox 770 3621 777 3658; x_wconf 76' lang='grc' dir='ltr'>ε</span> <span class='ocrx_word' id='word_1_472' title='bbox 801 3601 864 3656; x_wconf 86' lang='lat' dir='ltr'><strong>Non</strong></span> <span class='ocrx_word' id='word_1_473' title='bbox 884 3603 1009 3658; x_wconf 80' lang='lat' dir='ltr'><strong>trademus</strong></span> <span class='ocrx_word' id='word_1_474' title='bbox 1058 3595 1118 3650; x_wconf 86' lang='lat' dir='ltr'><strong>Non</strong></span> <span class='ocrx_word' id='word_1_475' title='bbox 1135 3596 1243 3652; x_wconf 75' lang='lat' dir='ltr'><strong>dimitto</strong></span> <span class='ocrx_word' id='word_1_476' title='bbox 1262 3599 1341 3654; x_wconf 82' lang='lat' dir='ltr'><strong>robis</strong></span> <span class='ocrx_word' id='word_1_477' title='bbox 1360 3607 1501 3670; x_wconf 87' lang='lat' dir='ltr'><strong>peccatum</strong></span> <span class='ocrx_word' id='word_1_478' title='bbox 1522 3599 1663 3658; x_wconf 89' lang='lat' dir='ltr'><strong>homicidii</strong></span> <span class='ocrx_word' id='word_1_479' title='bbox 1684 3602 1845 3671; x_wconf 65' lang='lat' dir='ltr'><strong>perpetratis</strong></span> 
     </span>
    </p>
   </div>
   <div class='ocr_carea' id='block_1_7' title="bbox 221 3142 1007 3214">
    <p class='ocr_par' dir='ltr' id='par_1_8' title="bbox 221 3142 1007 3214">
     <span class='ocr_line' id='line_1_41' title="bbox 221 3142 1007 3214; baseline 0.004 -17"><span class='ocrx_word' id='word_1_480' title='bbox 221 3144 287 3214; x_wconf 85' lang='lat' dir='ltr'><strong>quia</strong></span> <span class='ocrx_word' id='word_1_481' title='bbox 298 3158 331 3198; x_wconf 81' lang='lat' dir='ltr'><strong>ex</strong></span> <span class='ocrx_word' id='word_1_482' title='bbox 345 3151 422 3214; x_wconf 86' lang='lat' dir='ltr'><strong>patre</strong></span> <span class='ocrx_word' id='word_1_483' title='bbox 436 3144 547 3199; x_wconf 89' lang='lat' dir='ltr'><strong>diaholo</strong></span> <span class='ocrx_word' id='word_1_484' title='bbox 558 3152 631 3201; x_wconf 91' lang='lat' dir='ltr'><strong>sunt.</strong></span> <span class='ocrx_word' id='word_1_485' title='bbox 646 3142 670 3197; x_wconf 85' lang='lat' dir='ltr'><em>F</em></span> <span class='ocrx_word' id='word_1_486' title='bbox 672 3145 724 3199; x_wconf 86' lang='lat' dir='ltr'><strong>iliis</strong></span> <span class='ocrx_word' id='word_1_487' title='bbox 737 3144 884 3207; x_wconf 87' lang='lat' dir='ltr'><strong>sceleratis,</strong></span> <span class='ocrx_word' id='word_1_488' title='bbox 897 3145 925 3199; x_wconf 92' lang='lat' dir='ltr'><strong>in</strong></span> <span class='ocrx_word' id='word_1_489' title='bbox 937 3158 1007 3214; x_wconf 90' lang='lat' dir='ltr'><strong>quos</strong></span> 
     </span>
    </p>
   </div>
   <div class='ocr_carea' id='block_1_8' title="bbox 223 3688 1937 3766">
    <p class='ocr_par' dir='ltr' id='par_1_9' title="bbox 223 3688 1937 3766">
     <span class='ocr_line' id='line_1_42' title="bbox 223 3688 1937 3766; baseline -0.004 -16"><span class='ocrx_word' id='word_1_490' title='bbox 223 3711 309 3764; x_wconf 80' lang='lat' dir='ltr'><strong>regem</strong></span> <span class='ocrx_word' id='word_1_491' title='bbox 328 3695 381 3749; x_wconf 91' lang='lat' dir='ltr'><strong>nisi</strong></span> <span class='ocrx_word' id='word_1_492' title='bbox 403 3693 536 3750; x_wconf 86' lang='lat' dir='ltr'><strong>Goesarcm</strong></span> <span class='ocrx_word' id='word_1_493' title='bbox 558 3693 649 3766; x_wconf 78' lang='lat' dir='ltr'><strong>(toan.</strong></span> <span class='ocrx_word' id='word_1_494' title='bbox 659 3702 728 3765; x_wconf 79' lang='lat' dir='ltr'><strong>xta).</strong></span> <span class='ocrx_word' id='word_1_495' title='bbox 749 3692 1010 3764; x_wconf 77' lang='lat' dir='ltr'><strong>blasphemaverunt</strong></span> <span class='ocrx_word' id='word_1_496' title='bbox 1058 3688 1110 3744; x_wconf 91' lang='lat' dir='ltr'><strong>nisi</strong></span> <span class='ocrx_word' id='word_1_497' title='bbox 1124 3688 1229 3746; x_wconf 89' lang='lat' dir='ltr'><strong>lueritis</strong></span> <span class='ocrx_word' id='word_1_498' title='bbox 1240 3705 1311 3761; x_wconf 90' lang='lat' dir='ltr'><strong>aqua</strong></span> <span class='ocrx_word' id='word_1_499' title='bbox 1322 3690 1496 3761; x_wconf 88' lang='lat' dir='ltr'><strong>baptismatis</strong></span> <span class='ocrx_word' id='word_1_500' title='bbox 1508 3691 1566 3755; x_wconf 88' lang='lat' dir='ltr'><strong>loti,</strong></span> <span class='ocrx_word' id='word_1_501' title='bbox 1580 3705 1632 3761; x_wconf 86' lang='lat' dir='ltr'><strong>qua</strong></span> <span class='ocrx_word' id='word_1_502' title='bbox 1645 3694 1756 3762; x_wconf 80' lang='lat' dir='ltr'><strong>peccata</strong></span> <span class='ocrx_word' id='word_1_503' title='bbox 1766 3706 1847 3745; x_wconf 91' lang='lat' dir='ltr'><strong>mun·</strong></span> <span class='ocrx_word' id='word_1_504' title='bbox 1935 3699 1937 3702; x_wconf 83' lang='lat'>&#39;</span> 
     </span>
    </p>
   </div>
   <div class='ocr_carea' id='block_1_9' title="bbox 222 3779 1849 5884">
    <p class='ocr_par' dir='ltr' id='par_1_10' title="bbox 222 3779 1848 4804">
     <span class='ocr_line' id='line_1_43' title="bbox 223 3779 1845 3853; baseline -0.004 -11"><span class='ocrx_word' id='word_1_505' title='bbox 223 3794 350 3842; x_wconf 87' lang='lat' dir='ltr'><strong>sanctum</strong></span> <span class='ocrx_word' id='word_1_506' title='bbox 370 3785 464 3851; x_wconf 90' lang='lat' dir='ltr'><strong>lsrael,</strong></span> <span class='ocrx_word' id='word_1_507' title='bbox 478 3779 602 3841; x_wconf 84' lang='lat' dir='ltr'><strong>dicentes</strong></span> <span class='ocrx_word' id='word_1_508' title='bbox 619 3803 627 3842; x_wconf 80' lang='lat' dir='ltr'><strong>r</strong></span> <span class='ocrx_word' id='word_1_509' title='bbox 643 3784 809 3840; x_wconf 69' lang='lat' dir='ltr'><strong>ltrrmoniam</strong></span> <span class='ocrx_word' id='word_1_510' title='bbox 825 3783 943 3839; x_wconf 83' lang='lat' dir='ltr'><strong>habetet</strong></span> <span class='ocrx_word' id='word_1_511' title='bbox 958 3783 1011 3839; x_wconf 88' lang='lat' dir='ltr'><strong>Sa·</strong></span> <span class='ocrx_word' id='word_1_512' title='bbox 1058 3781 1170 3836; x_wconf 85' lang='lat' dir='ltr'><strong>dantur.</strong></span> <span class='ocrx_word' id='word_1_513' title='bbox 1187 3781 1360 3853; x_wconf 82' lang='lat' dir='ltr'><strong>Respondeat</strong></span> <span class='ocrx_word' id='word_1_514' title='bbox 1375 3781 1487 3840; x_wconf 74' lang='lat' dir='ltr'><strong>iudans</strong></span> <span class='ocrx_word' id='word_1_515' title='bbox 1502 3784 1548 3839; x_wconf 93' lang='lat' dir='ltr'><strong>ubi</strong></span> <span class='ocrx_word' id='word_1_516' title='bbox 1563 3783 1699 3842; x_wconf 80' lang='lat' dir='ltr'><strong>inuenerit</strong></span> <span class='ocrx_word' id='word_1_517' title='bbox 1713 3783 1845 3852; x_wconf 88' lang='lat' dir='ltr'><strong>scriptum</strong></span> 
     </span>
     <span class='ocr_line' id='line_1_44' title="bbox 223 3875 1847 3950; baseline -0.001 -18"><span class='ocrx_word' id='word_1_518' title='bbox 223 3879 372 3932; x_wconf 87' lang='lat' dir='ltr'><strong>maritanas</strong></span> <span class='ocrx_word' id='word_1_519' title='bbox 384 3894 410 3931; x_wconf 89' lang='lat' dir='ltr'><strong>cs</strong></span> <span class='ocrx_word' id='word_1_520' title='bbox 423 3876 596 3950; x_wconf 78' lang='lat' dir='ltr'><strong>(loamrnr),</strong></span> <span class='ocrx_word' id='word_1_521' title='bbox 606 3876 760 3932; x_wconf 78' lang='lat' dir='ltr'><strong>Abalienati</strong></span> <span class='ocrx_word' id='word_1_522' title='bbox 770 3883 835 3931; x_wconf 90' lang='lat' dir='ltr'><strong>sunt</strong></span> <span class='ocrx_word' id='word_1_523' title='bbox 846 3884 1009 3942; x_wconf 88' lang='lat' dir='ltr'><strong>retrorsum,</strong></span> <span class='ocrx_word' id='word_1_524' title='bbox 1059 3875 1087 3929; x_wconf 92' lang='lat' dir='ltr'><strong>iu</strong></span> <span class='ocrx_word' id='word_1_525' title='bbox 1106 3875 1175 3944; x_wconf 81' lang='lat' dir='ltr'><strong>lege,</strong></span> <span class='ocrx_word' id='word_1_526' title='bbox 1197 3877 1271 3947; x_wconf 85' lang='lat' dir='ltr'><strong>quod</strong></span> <span class='ocrx_word' id='word_1_527' title='bbox 1290 3877 1466 3932; x_wconf 85' lang='lat' dir='ltr'><strong>homicidium</strong></span> <span class='ocrx_word' id='word_1_528' title='bbox 1485 3877 1649 3946; x_wconf 86' lang='lat' dir='ltr'><strong>expiationis</strong></span> <span class='ocrx_word' id='word_1_529' title='bbox 1670 3891 1740 3950; x_wconf 86' lang='lat' dir='ltr'><strong>aqua</strong></span> <span class='ocrx_word' id='word_1_530' title='bbox 1761 3876 1847 3931; x_wconf 89' lang='lat' dir='ltr'><strong>deleri</strong></span> 
     </span>
     <span class='ocr_line' id='line_1_45' title="bbox 222 3966 1847 4041; baseline 0.001 -19"><span class='ocrx_word' id='word_1_531' title='bbox 222 3969 271 4040; x_wconf 89' lang='lat' dir='ltr'><strong>qui</strong></span> <span class='ocrx_word' id='word_1_532' title='bbox 288 3968 425 4038; x_wconf 89' lang='lat' dir='ltr'><strong>quondam</strong></span> <span class='ocrx_word' id='word_1_533' title='bbox 444 3968 597 4024; x_wconf 83' lang='lat' dir='ltr'><strong>lucrantia</strong></span> <span class='ocrx_word' id='word_1_534' title='bbox 614 3977 708 4039; x_wconf 91' lang='lat' dir='ltr'><strong>capnt,</strong></span> <span class='ocrx_word' id='word_1_535' title='bbox 727 3969 1010 4025; x_wconf 86' lang='lat' dir='ltr'><strong>nuncrertunturin</strong></span> <span class='ocrx_word' id='word_1_536' title='bbox 1059 3966 1157 4023; x_wconf 86' lang='lat' dir='ltr'><strong>debeat</strong></span> <span class='ocrx_word' id='word_1_537' title='bbox 1179 3987 1186 4023; x_wconf 75' lang='grc' dir='ltr'>ι</span> <span class='ocrx_word' id='word_1_538' title='bbox 1206 3968 1280 4040; x_wconf 92' lang='lat' dir='ltr'><strong>quod</strong></span> <span class='ocrx_word' id='word_1_539' title='bbox 1304 3984 1366 4035; x_wconf 84' lang='lat' dir='ltr'><strong>cnm</strong></span> <span class='ocrx_word' id='word_1_540' title='bbox 1389 3971 1509 4041; x_wconf 88' lang='lat' dir='ltr'><strong>reperire</strong></span> <span class='ocrx_word' id='word_1_541' title='bbox 1531 3986 1586 4024; x_wconf 92' lang='lat' dir='ltr'><strong>uon</strong></span> <span class='ocrx_word' id='word_1_542' title='bbox 1609 3968 1720 4041; x_wconf 89' lang='lat' dir='ltr'><strong>poterit,</strong></span> <span class='ocrx_word' id='word_1_543' title='bbox 1740 3969 1847 4025; x_wconf 84' lang='lat' dir='ltr'><strong>noverit</strong></span> 
     </span>
     <span class='ocr_line' id='line_1_46' title="bbox 222 4058 1847 4133; baseline 0 -18"><span class='ocrx_word' id='word_1_544' title='bbox 222 4059 350 4115; x_wconf 87' lang='lat' dir='ltr'><strong>caudam.</strong></span> <span class='ocrx_word' id='word_1_545' title='bbox 367 4058 468 4129; x_wconf 80' lang='lat' dir='ltr'><strong>Eique</strong></span> <span class='ocrx_word' id='word_1_546' title='bbox 485 4059 519 4115; x_wconf 89' lang='lat' dir='ltr'><strong>de</strong></span> <span class='ocrx_word' id='word_1_547' title='bbox 535 4075 620 4115; x_wconf 88' lang='lat' dir='ltr'><strong>causa</strong></span> <span class='ocrx_word' id='word_1_548' title='bbox 639 4061 680 4115; x_wconf 91' lang='lat' dir='ltr'><strong>sic</strong></span> <span class='ocrx_word' id='word_1_549' title='bbox 696 4060 861 4124; x_wconf 90' lang='lat' dir='ltr'><strong>alienentur,</strong></span> <span class='ocrx_word' id='word_1_550' title='bbox 881 4061 940 4131; x_wconf 90' lang='lat' dir='ltr'><strong>ipse</strong></span> <span class='ocrx_word' id='word_1_551' title='bbox 957 4059 1010 4115; x_wconf 89' lang='lat' dir='ltr'><strong>oo-</strong></span> <span class='ocrx_word' id='word_1_552' title='bbox 1060 4074 1158 4132; x_wconf 89' lang='lat' dir='ltr'><strong>aquam</strong></span> <span class='ocrx_word' id='word_1_553' title='bbox 1173 4062 1345 4133; x_wconf 83' lang='lat' dir='ltr'><strong>baptismatis</strong></span> <span class='ocrx_word' id='word_1_554' title='bbox 1361 4077 1421 4119; x_wconf 88' lang='lat' dir='ltr'><strong>esse</strong></span> <span class='ocrx_word' id='word_1_555' title='bbox 1439 4063 1579 4119; x_wconf 87' lang='lat' dir='ltr'><strong>meliorem</strong></span> <span class='ocrx_word' id='word_1_556' title='bbox 1598 4063 1694 4123; x_wconf 75' lang='lat' dir='ltr'><strong>Aliana</strong></span> <span class='ocrx_word' id='word_1_557' title='bbox 1712 4069 1741 4118; x_wconf 90' lang='lat' dir='ltr'><strong>et</strong></span> <span class='ocrx_word' id='word_1_558' title='bbox 1759 4060 1847 4116; x_wconf 87' lang='lat' dir='ltr'><strong>Phar·</strong></span> 
     </span>
     <span class='ocr_line' id='line_1_47' title="bbox 222 4149 1846 4226; baseline 0.001 -20"><span class='ocrx_word' id='word_1_559' title='bbox 222 4153 316 4207; x_wconf 86' lang='lat' dir='ltr'><strong>minus</strong></span> <span class='ocrx_word' id='word_1_560' title='bbox 331 4167 379 4221; x_wconf 90' lang='lat' dir='ltr'><strong>per</strong></span> <span class='ocrx_word' id='word_1_561' title='bbox 396 4149 541 4207; x_wconf 81' lang='lat' dir='ltr'><strong>ieremiam</strong></span> <span class='ocrx_word' id='word_1_562' title='bbox 556 4153 694 4223; x_wconf 85' lang='lat' dir='ltr'><strong>exposuit,</strong></span> <span class='ocrx_word' id='word_1_563' title='bbox 709 4151 805 4209; x_wconf 87' lang='lat' dir='ltr'><strong>dicens</strong></span> <span class='ocrx_word' id='word_1_564' title='bbox 821 4173 827 4208; x_wconf 92' lang='lat'><strong>:</strong></span> <span class='ocrx_word' id='word_1_565' title='bbox 846 4151 949 4224; x_wconf 77' lang='lat' dir='ltr'><strong>Reliqui</strong></span> <span class='ocrx_word' id='word_1_566' title='bbox 963 4153 1010 4207; x_wconf 88' lang='lat' dir='ltr'><strong>do-</strong></span> <span class='ocrx_word' id='word_1_567' title='bbox 1060 4153 1130 4222; x_wconf 92' lang='lat' dir='ltr'><strong>pbar</strong></span> <span class='ocrx_word' id='word_1_568' title='bbox 1143 4151 1238 4220; x_wconf 80' lang='lat' dir='ltr'><strong>llnriis¹</strong></span> <span class='ocrx_word' id='word_1_569' title='bbox 1249 4152 1387 4218; x_wconf 82' lang='lat' dir='ltr'><strong>Damasci,</strong></span> <span class='ocrx_word' id='word_1_570' title='bbox 1402 4155 1516 4226; x_wconf 89' lang='lat' dir='ltr'><strong>insuper</strong></span> <span class='ocrx_word' id='word_1_571' title='bbox 1530 4161 1557 4212; x_wconf 88' lang='lat' dir='ltr'><strong>et</strong></span> <span class='ocrx_word' id='word_1_572' title='bbox 1571 4155 1698 4210; x_wconf 87' lang='lat' dir='ltr'><strong>omnibus</strong></span> <span class='ocrx_word' id='word_1_573' title='bbox 1712 4154 1792 4225; x_wconf 89' lang='lat' dir='ltr'><strong>aquis</strong></span> <span class='ocrx_word' id='word_1_574' title='bbox 1806 4152 1846 4209; x_wconf 88' lang='lat' dir='ltr'><strong>ls-</strong></span> 
     </span>
     <span class='ocr_line' id='line_1_48' title="bbox 223 4239 1846 4320; baseline 0.003 -23"><span class='ocrx_word' id='word_1_575' title='bbox 223 4259 296 4297; x_wconf 85' lang='lat' dir='ltr'><strong>mam</strong></span> <span class='ocrx_word' id='word_1_576' title='bbox 316 4258 412 4307; x_wconf 89' lang='lat' dir='ltr'><strong>meam,</strong></span> <span class='ocrx_word' id='word_1_577' title='bbox 435 4242 527 4295; x_wconf 82' lang='lat' dir='ltr'><strong>dimisi</strong></span> <span class='ocrx_word' id='word_1_578' title='bbox 546 4240 727 4296; x_wconf 76' lang='lat' dir='ltr'><strong>hereditatem</strong></span> <span class='ocrx_word' id='word_1_579' title='bbox 752 4259 852 4305; x_wconf 81' lang='lat' dir='ltr'><strong>urrant,</strong></span> <span class='ocrx_word' id='word_1_580' title='bbox 876 4241 949 4312; x_wconf 84' lang='lat' dir='ltr'><strong>{acta</strong></span> <span class='ocrx_word' id='word_1_581' title='bbox 972 4251 1011 4299; x_wconf 88' lang='lat' dir='ltr'><strong>cst</strong></span> <span class='ocrx_word' id='word_1_582' title='bbox 1060 4245 1128 4310; x_wconf 89' lang='lat' dir='ltr'><strong>rael,</strong></span> <span class='ocrx_word' id='word_1_583' title='bbox 1146 4247 1175 4309; x_wconf 90' lang='lat' dir='ltr'><strong>in</strong></span> <span class='ocrx_word' id='word_1_584' title='bbox 1192 4239 1322 4318; x_wconf 64' lang='lat' dir='ltr'><strong>qua&#39;sola</strong></span> <span class='ocrx_word' id='word_1_585' title='bbox 1340 4248 1471 4304; x_wconf 84' lang='lat' dir='ltr'><strong>tribuitur</strong></span> <span class='ocrx_word' id='word_1_586' title='bbox 1488 4247 1622 4312; x_wconf 88' lang='lat' dir='ltr'><strong>omnium,</strong></span> <span class='ocrx_word' id='word_1_587' title='bbox 1639 4256 1769 4318; x_wconf 87' lang='lat' dir='ltr'><strong>operante</strong></span> <span class='ocrx_word' id='word_1_588' title='bbox 1785 4245 1846 4320; x_wconf 85' lang='lat' dir='ltr'><strong>Spi-</strong></span> 
     </span>
     <span class='ocr_line' id='line_1_49' title="bbox 223 4332 1845 4410; baseline 0.004 -23"><span class='ocrx_word' id='word_1_589' title='bbox 223 4333 290 4387; x_wconf 77' lang='lat' dir='ltr'><strong>mitt</strong></span> <span class='ocrx_word' id='word_1_590' title='bbox 304 4332 446 4387; x_wconf 85' lang='lat' dir='ltr'><strong>hareditas</strong></span> <span class='ocrx_word' id='word_1_591' title='bbox 461 4348 520 4386; x_wconf 88' lang='lat' dir='ltr'><strong>mea</strong></span> <span class='ocrx_word' id='word_1_592' title='bbox 531 4333 599 4386; x_wconf 87' lang='lat' dir='ltr'><strong>sicut</strong></span> <span class='ocrx_word' id='word_1_593' title='bbox 612 4333 652 4386; x_wconf 89' lang='lat' dir='ltr'><strong>leo</strong></span> <span class='ocrx_word' id='word_1_594' title='bbox 663 4335 690 4387; x_wconf 89' lang='lat' dir='ltr'><strong>in</strong></span> <span class='ocrx_word' id='word_1_595' title='bbox 703 4334 780 4398; x_wconf 86' lang='lat' dir='ltr'><strong>silua,</strong></span> <span class='ocrx_word' id='word_1_596' title='bbox 793 4334 864 4389; x_wconf 84' lang='lat' dir='ltr'><strong>dedit</strong></span> <span class='ocrx_word' id='word_1_597' title='bbox 880 4351 957 4404; x_wconf 85' lang='lat' dir='ltr'><strong>super</strong></span> <span class='ocrx_word' id='word_1_598' title='bbox 972 4351 1012 4388; x_wconf 90' lang='lat' dir='ltr'><strong>me</strong></span> <span class='ocrx_word' id='word_1_599' title='bbox 1061 4337 1117 4395; x_wconf 90' lang='lat' dir='ltr'><strong>ritu</strong></span> <span class='ocrx_word' id='word_1_600' title='bbox 1134 4346 1242 4409; x_wconf 87' lang='lat' dir='ltr'><strong>sancto,</strong></span> <span class='ocrx_word' id='word_1_601' title='bbox 1261 4339 1390 4396; x_wconf 89' lang='lat' dir='ltr'><strong>remissio</strong></span> <span class='ocrx_word' id='word_1_602' title='bbox 1407 4348 1594 4410; x_wconf 85' lang='lat' dir='ltr'><strong>peccatorum.</strong></span> <span class='ocrx_word' id='word_1_603' title='bbox 1610 4340 1731 4409; x_wconf 66' lang='lat' dir='ltr'><strong>Auferte,</strong></span> <span class='ocrx_word' id='word_1_604' title='bbox 1746 4339 1845 4410; x_wconf 89' lang='lat' dir='ltr'><strong>iuquit,</strong></span> 
     </span>
     <span class='ocr_line' id='line_1_50' title="bbox 223 4422 1847 4502; baseline 0.002 -21"><span class='ocrx_word' id='word_1_605' title='bbox 223 4441 311 4481; x_wconf 82' lang='lat' dir='ltr'><strong>rocem</strong></span> <span class='ocrx_word' id='word_1_606' title='bbox 333 4441 410 4479; x_wconf 89' lang='lat' dir='ltr'><strong>suam</strong></span> <span class='ocrx_word' id='word_1_607' title='bbox 436 4423 504 4495; x_wconf 76' lang='lat' dir='ltr'><strong>(ter.</strong></span> <span class='ocrx_word' id='word_1_608' title='bbox 524 4424 586 4493; x_wconf 82' lang='lat' dir='ltr'><strong>xit).</strong></span> <span class='ocrx_word' id='word_1_609' title='bbox 612 4422 759 4496; x_wconf 87' lang='lat' dir='ltr'><strong>Propterea</strong></span> <span class='ocrx_word' id='word_1_610' title='bbox 781 4426 838 4481; x_wconf 91' lang='lat' dir='ltr'><strong>odit</strong></span> <span class='ocrx_word' id='word_1_611' title='bbox 861 4442 932 4486; x_wconf 86' lang='lat' dir='ltr'><strong>earu,</strong></span> <span class='ocrx_word' id='word_1_612' title='bbox 952 4442 1012 4496; x_wconf 81' lang='lat' dir='ltr'><strong>quae</strong></span> <span class='ocrx_word' id='word_1_613' title='bbox 1061 4428 1161 4502; x_wconf 75' lang='lat' dir='ltr'><strong>attalum</strong></span> <span class='ocrx_word' id='word_1_614' title='bbox 1176 4430 1364 4500; x_wconf 80' lang='lat' dir='ltr'><strong>cogitationum</strong></span> <span class='ocrx_word' id='word_1_615' title='bbox 1380 4440 1525 4485; x_wconf 84' lang='lat' dir='ltr'><strong>uestrarum</strong></span> <span class='ocrx_word' id='word_1_616' title='bbox 1541 4429 1573 4483; x_wconf 84' lang='lat' dir='ltr'><strong>al</strong></span> <span class='ocrx_word' id='word_1_617' title='bbox 1590 4431 1673 4494; x_wconf 80' lang='lat' dir='ltr'><strong>oculis</strong></span> <span class='ocrx_word' id='word_1_618' title='bbox 1691 4431 1764 4486; x_wconf 88' lang='lat' dir='ltr'><strong>meis.</strong></span> <span class='ocrx_word' id='word_1_619' title='bbox 1779 4429 1847 4498; x_wconf 77' lang='lat' dir='ltr'><strong>Qui·</strong></span> 
     </span>
     <span class='ocr_line' id='line_1_51' title="bbox 223 4516 1847 4596; baseline 0.002 -25"><span class='ocrx_word' id='word_1_620' title='bbox 223 4517 363 4589; x_wconf 82' lang='lat' dir='ltr'><strong>quondam</strong></span> <span class='ocrx_word' id='word_1_621' title='bbox 390 4516 441 4570; x_wconf 85' lang='lat' dir='ltr'><strong>luit</strong></span> <span class='ocrx_word' id='word_1_622' title='bbox 464 4516 621 4580; x_wconf 80' lang='lat' dir='ltr'><strong>haereditas,</strong></span> <span class='ocrx_word' id='word_1_623' title='bbox 649 4520 714 4588; x_wconf 92' lang='lat' dir='ltr'><strong>quia</strong></span> <span class='ocrx_word' id='word_1_624' title='bbox 739 4517 814 4573; x_wconf 91' lang='lat' dir='ltr'><strong>dedit</strong></span> <span class='ocrx_word' id='word_1_625' title='bbox 840 4533 923 4589; x_wconf 86' lang='lat' dir='ltr'><strong>super</strong></span> <span class='ocrx_word' id='word_1_626' title='bbox 948 4532 1011 4573; x_wconf 91' lang='lat' dir='ltr'><strong>eum</strong></span> <span class='ocrx_word' id='word_1_627' title='bbox 1061 4521 1113 4594; x_wconf 84' lang='lat' dir='ltr'><strong>bns</strong></span> <span class='ocrx_word' id='word_1_628' title='bbox 1132 4522 1223 4577; x_wconf 85' lang='lat' dir='ltr'><strong>uerbis</strong></span> <span class='ocrx_word' id='word_1_629' title='bbox 1245 4521 1392 4578; x_wconf 86' lang='lat' dir='ltr'><strong>ntauilesic</strong></span> <span class='ocrx_word' id='word_1_630' title='bbox 1411 4522 1474 4577; x_wconf 87' lang='lat' dir='ltr'><strong>nori</strong></span> <span class='ocrx_word' id='word_1_631' title='bbox 1489 4522 1643 4577; x_wconf 87' lang='lat' dir='ltr'><strong>testamenti</strong></span> <span class='ocrx_word' id='word_1_632' title='bbox 1661 4521 1755 4596; x_wconf 90' lang='lat' dir='ltr'><strong>rcligio</strong></span> <span class='ocrx_word' id='word_1_633' title='bbox 1771 4536 1847 4577; x_wconf 83' lang='lat' dir='ltr'><strong>cotir-</strong></span> 
     </span>
     <span class='ocr_line' id='line_1_52' title="bbox 223 4610 1848 4684; baseline 0.001 -19"><span class='ocrx_word' id='word_1_634' title='bbox 223 4626 320 4667; x_wconf 81' lang='lat' dir='ltr'><strong>vocem</strong></span> <span class='ocrx_word' id='word_1_635' title='bbox 339 4625 428 4676; x_wconf 85' lang='lat' dir='ltr'><strong>suam,</strong></span> <span class='ocrx_word' id='word_1_636' title='bbox 450 4611 573 4666; x_wconf 88' lang='lat' dir='ltr'><strong>clamans</strong></span> <span class='ocrx_word' id='word_1_637' title='bbox 592 4630 598 4666; x_wconf 91' lang='lat'>:</span> <span class='ocrx_word' id='word_1_638' title='bbox 616 4611 701 4677; x_wconf 84' lang='lat' dir='ltr'><strong>Tolle,</strong></span> <span class='ocrx_word' id='word_1_639' title='bbox 720 4611 794 4677; x_wconf 86' lang='lat' dir='ltr'><strong>tolle,</strong></span> <span class='ocrx_word' id='word_1_640' title='bbox 814 4612 937 4682; x_wconf 70' lang='lat' dir='ltr'><strong>crucifige</strong></span> <span class='ocrx_word' id='word_1_641' title='bbox 952 4626 1011 4665; x_wconf 86' lang='lat' dir='ltr'><strong>eum</strong></span> <span class='ocrx_word' id='word_1_642' title='bbox 1061 4610 1216 4681; x_wconf 76' lang='lat' dir='ltr'><strong>mandatur,</strong></span> <span class='ocrx_word' id='word_1_643' title='bbox 1231 4627 1289 4684; x_wconf 87' lang='lat' dir='ltr'><strong>qna</strong></span> <span class='ocrx_word' id='word_1_644' title='bbox 1309 4627 1363 4667; x_wconf 93' lang='lat' dir='ltr'><strong>non</strong></span> <span class='ocrx_word' id='word_1_645' title='bbox 1382 4613 1470 4668; x_wconf 91' lang='lat' dir='ltr'><strong>solum</strong></span> <span class='ocrx_word' id='word_1_646' title='bbox 1486 4627 1579 4682; x_wconf 84' lang='lat' dir='ltr'><strong>opera,</strong></span> <span class='ocrx_word' id='word_1_647' title='bbox 1596 4611 1686 4675; x_wconf 76' lang='lat' dir='ltr'><strong>sedet</strong></span> <span class='ocrx_word' id='word_1_648' title='bbox 1702 4611 1848 4682; x_wconf 89' lang='lat' dir='ltr'><strong>cogitatio-</strong></span> 
     </span>
     <span class='ocr_line' id='line_1_53' title="bbox 224 4701 1847 4804; baseline 0.002 -47"><span class='ocrx_word' id='word_1_649' title='bbox 224 4701 317 4774; x_wconf 75' lang='lat' dir='ltr'><strong>(toan.</strong></span> <span class='ocrx_word' id='word_1_650' title='bbox 334 4702 423 4774; x_wconf 85' lang='lat' dir='ltr'><strong>xrnr).</strong></span> <span class='ocrx_word' id='word_1_651' title='bbox 1023 4717 1112 4804; x_wconf 50' lang='lat' dir='ltr'><strong>1,nes</strong></span> <span class='ocrx_word' id='word_1_652' title='bbox 1130 4718 1145 4756; x_wconf 90' lang='lat' dir='ltr'><strong>a</strong></span> <span class='ocrx_word' id='word_1_653' title='bbox 1164 4702 1238 4757; x_wconf 91' lang='lat' dir='ltr'><strong>malo</strong></span> <span class='ocrx_word' id='word_1_654' title='bbox 1255 4702 1376 4759; x_wconf 89' lang='lat' dir='ltr'><strong>discerni</strong></span> <span class='ocrx_word' id='word_1_655' title='bbox 1397 4702 1494 4773; x_wconf 79' lang='lat' dir='ltr'><strong>iubet,</strong></span> <span class='ocrx_word' id='word_1_656' title='bbox 1518 4703 1654 4772; x_wconf 91' lang='lat' dir='ltr'><strong>simulque</strong></span> <span class='ocrx_word' id='word_1_657' title='bbox 1674 4701 1753 4758; x_wconf 90' lang='lat' dir='ltr'><strong>docet</strong></span> <span class='ocrx_word' id='word_1_658' title='bbox 1773 4703 1847 4773; x_wconf 82' lang='lat' dir='ltr'><strong>quoi</strong></span> 
     </span>
    </p>

    <p class='ocr_par' dir='ltr' id='par_1_11' title="bbox 222 4790 1849 5884">
     <span class='ocr_line' id='line_1_54' title="bbox 261 4790 1847 4868; baseline 0.003 -23"><span class='ocrx_word' id='word_1_659' title='bbox 261 4792 305 4847; x_wconf 78' lang='lat' dir='ltr'><strong>tto.</strong></span> <span class='ocrx_word' id='word_1_660' title='bbox 322 4790 401 4845; x_wconf 83' lang='lat' dir='ltr'><strong>Facti</strong></span> <span class='ocrx_word' id='word_1_661' title='bbox 414 4793 478 4849; x_wconf 84' lang='lat' dir='ltr'><strong>estis</strong></span> <span class='ocrx_word' id='word_1_662' title='bbox 495 4795 558 4847; x_wconf 77' lang='lat' dir='ltr'><strong>sitit</strong></span> <span class='ocrx_word' id='word_1_663' title='bbox 574 4795 602 4848; x_wconf 88' lang='lat' dir='ltr'><strong>ln</strong></span> <span class='ocrx_word' id='word_1_664' title='bbox 617 4797 775 4866; x_wconf 85' lang='lat' dir='ltr'><strong>satietatem,</strong></span> <span class='ocrx_word' id='word_1_665' title='bbox 788 4813 952 4868; x_wconf 81' lang='lat' dir='ltr'><strong>nequaquam</strong></span> <span class='ocrx_word' id='word_1_666' title='bbox 966 4796 1010 4851; x_wconf 88' lang='lat' dir='ltr'><strong>di·</strong></span> <span class='ocrx_word' id='word_1_667' title='bbox 1062 4808 1113 4862; x_wconf 87' lang='lat' dir='ltr'><strong>pro</strong></span> <span class='ocrx_word' id='word_1_668' title='bbox 1135 4792 1253 4849; x_wconf 84' lang='lat' dir='ltr'><strong>uictimis</strong></span> <span class='ocrx_word' id='word_1_669' title='bbox 1272 4803 1300 4850; x_wconf 94' lang='lat' dir='ltr'><strong>et</strong></span> <span class='ocrx_word' id='word_1_670' title='bbox 1319 4793 1488 4859; x_wconf 80' lang='lat' dir='ltr'><strong>holocaustis</strong></span> <span class='ocrx_word' id='word_1_671' title='bbox 1508 4801 1535 4849; x_wconf 90' lang='lat' dir='ltr'><strong>et</strong></span> <span class='ocrx_word' id='word_1_672' title='bbox 1555 4794 1642 4864; x_wconf 85' lang='lat' dir='ltr'><strong>adipe¹</strong></span> <span class='ocrx_word' id='word_1_673' title='bbox 1656 4794 1799 4866; x_wconf 91' lang='lat' dir='ltr'><strong>pinguium</strong></span> <span class='ocrx_word' id='word_1_674' title='bbox 1819 4802 1847 4851; x_wconf 89' lang='lat' dir='ltr'><strong>et</strong></span> 
     </span>
     <span class='ocr_line' id='line_1_55' title="bbox 226 4884 1845 4963; baseline 0.003 -26"><span class='ocrx_word' id='word_1_675' title='bbox 226 4884 332 4937; x_wconf 87' lang='lat' dir='ltr'><strong>mittam</strong></span> <span class='ocrx_word' id='word_1_676' title='bbox 348 4894 457 4953; x_wconf 86' lang='lat' dir='ltr'><strong>peccata</strong></span> <span class='ocrx_word' id='word_1_677' title='bbox 475 4896 571 4942; x_wconf 83' lang='lat' dir='ltr'><strong>uestra.</strong></span> <span class='ocrx_word' id='word_1_678' title='bbox 588 4887 628 4942; x_wconf 78' lang='lat' dir='ltr'><strong>hd</strong></span> <span class='ocrx_word' id='word_1_679' title='bbox 646 4888 704 4944; x_wconf 84' lang='lat' dir='ltr'><strong>haec</strong></span> <span class='ocrx_word' id='word_1_680' title='bbox 724 4904 835 4947; x_wconf 67' lang='lat' dir='ltr'><strong>carinam</strong></span> <span class='ocrx_word' id='word_1_681' title='bbox 855 4906 903 4963; x_wconf 79' lang='lat' dir='ltr'><strong>pei·</strong></span> <span class='ocrx_word' id='word_1_682' title='bbox 919 4898 1011 4962; x_wconf 80' lang='lat' dir='ltr'><strong>partes</strong></span> <span class='ocrx_word' id='word_1_683' title='bbox 1062 4885 1195 4955; x_wconf 87' lang='lat' dir='ltr'><strong>sanguine</strong></span> <span class='ocrx_word' id='word_1_684' title='bbox 1209 4894 1349 4940; x_wconf 88' lang='lat' dir='ltr'><strong>taurorum</strong></span> <span class='ocrx_word' id='word_1_685' title='bbox 1360 4895 1387 4942; x_wconf 89' lang='lat' dir='ltr'><strong>et</strong></span> <span class='ocrx_word' id='word_1_686' title='bbox 1397 4887 1548 4952; x_wconf 87' lang='lat' dir='ltr'><strong>hircorum,</strong></span> <span class='ocrx_word' id='word_1_687' title='bbox 1560 4893 1587 4942; x_wconf 90' lang='lat' dir='ltr'><strong>et</strong></span> <span class='ocrx_word' id='word_1_688' title='bbox 1599 4902 1648 4957; x_wconf 86' lang='lat' dir='ltr'><strong>pro</strong></span> <span class='ocrx_word' id='word_1_689' title='bbox 1659 4886 1845 4959; x_wconf 69' lang='lat' dir='ltr'><strong>thymiamate,</strong></span> 
     </span>
     <span class='ocr_line' id='line_1_56' title="bbox 224 4975 1844 5058; baseline 0.002 -27"><span class='ocrx_word' id='word_1_690' title='bbox 224 4978 386 5045; x_wconf 79' lang='lat' dir='ltr'><strong>exsequitur</strong></span> <span class='ocrx_word' id='word_1_691' title='bbox 396 4992 450 5046; x_wconf 91' lang='lat' dir='ltr'><strong>qua</strong></span> <span class='ocrx_word' id='word_1_692' title='bbox 463 4975 724 5050; x_wconf 83' lang='lat' dir='ltr'><strong>lndaeosabjecerit.</strong></span> <span class='ocrx_word' id='word_1_693' title='bbox 737 4980 799 5058; x_wconf 79' lang='lat' dir='ltr'><strong>lton</strong></span> <span class='ocrx_word' id='word_1_694' title='bbox 812 4982 956 5047; x_wconf 87' lang='lat' dir='ltr'><strong>dimittam,</strong></span> <span class='ocrx_word' id='word_1_695' title='bbox 969 4983 1012 5037; x_wconf 91' lang='lat' dir='ltr'><strong>in·</strong></span> <span class='ocrx_word' id='word_1_696' title='bbox 1062 4977 1224 5045; x_wconf 87' lang='lat' dir='ltr'><strong>neomeniis,</strong></span> <span class='ocrx_word' id='word_1_697' title='bbox 1248 4978 1377 5043; x_wconf 87' lang='lat' dir='ltr'><strong>Sabbata,</strong></span> <span class='ocrx_word' id='word_1_698' title='bbox 1399 4979 1444 5035; x_wconf 89' lang='lat' dir='ltr'><strong>dic</strong></span> <span class='ocrx_word' id='word_1_699' title='bbox 1464 4979 1544 5043; x_wconf 85' lang='lat' dir='ltr'><strong>lesio,</strong></span> <span class='ocrx_word' id='word_1_700' title='bbox 1562 4979 1687 5049; x_wconf 80' lang='lat' dir='ltr'><strong>iejuniis,</strong></span> <span class='ocrx_word' id='word_1_701' title='bbox 1708 4979 1844 5043; x_wconf 83' lang='lat' dir='ltr'><strong>kalendis,</strong></span> 
     </span>
     <span class='ocr_line' id='line_1_57' title="bbox 225 5069 1846 5144; baseline 0.004 -23"><span class='ocrx_word' id='word_1_702' title='bbox 225 5069 297 5139; x_wconf 89' lang='lat' dir='ltr'><strong>quit,</strong></span> <span class='ocrx_word' id='word_1_703' title='bbox 318 5079 424 5136; x_wconf 86' lang='lat' dir='ltr'><strong>peccata</strong></span> <span class='ocrx_word' id='word_1_704' title='bbox 443 5081 529 5125; x_wconf 86' lang='lat' dir='ltr'><strong>vestra</strong></span> <span class='ocrx_word' id='word_1_705' title='bbox 553 5069 622 5142; x_wconf 87' lang='lat' dir='ltr'><strong>(lsu.</strong></span> <span class='ocrx_word' id='word_1_706' title='bbox 647 5071 677 5140; x_wconf 75' lang='lat' dir='ltr'><strong>ri.</strong></span> <span class='ocrx_word' id='word_1_707' title='bbox 698 5073 810 5138; x_wconf 81' lang='lat' dir='ltr'><strong>Quare?</strong></span> <span class='ocrx_word' id='word_1_708' title='bbox 829 5075 893 5144; x_wconf 89' lang='lat' dir='ltr'><strong>quis</strong></span> <span class='ocrx_word' id='word_1_709' title='bbox 916 5091 1011 5129; x_wconf 86' lang='lat' dir='ltr'><strong>manus</strong></span> <span class='ocrx_word' id='word_1_710' title='bbox 1061 5079 1088 5124; x_wconf 89' lang='lat' dir='ltr'><strong>et</strong></span> <span class='ocrx_word' id='word_1_711' title='bbox 1107 5070 1167 5125; x_wconf 89' lang='lat' dir='ltr'><strong>aliis</strong></span> <span class='ocrx_word' id='word_1_712' title='bbox 1185 5070 1416 5137; x_wconf 84' lang='lat' dir='ltr'><strong>solemnitatibus,</strong></span> <span class='ocrx_word' id='word_1_713' title='bbox 1433 5071 1495 5128; x_wconf 90' lang='lat' dir='ltr'><strong>lldci</strong></span> <span class='ocrx_word' id='word_1_714' title='bbox 1509 5071 1674 5128; x_wconf 82' lang='lat' dir='ltr'><strong>Christianae</strong></span> <span class='ocrx_word' id='word_1_715' title='bbox 1688 5072 1846 5143; x_wconf 88' lang='lat' dir='ltr'><strong>religionem</strong></span> 
     </span>
     <span class='ocr_line' id='line_1_58' title="bbox 224 5161 1848 5237; baseline 0.001 -23"><span class='ocrx_word' id='word_1_716' title='bbox 224 5170 318 5215; x_wconf 84' lang='lat' dir='ltr'><strong>uestra</strong></span> <span class='ocrx_word' id='word_1_717' title='bbox 331 5164 458 5232; x_wconf 79' lang='lat' dir='ltr'><strong>sanquine</strong></span> <span class='ocrx_word' id='word_1_718' title='bbox 472 5162 556 5232; x_wconf 83' lang='lat' dir='ltr'><strong>plena</strong></span> <span class='ocrx_word' id='word_1_719' title='bbox 570 5176 630 5217; x_wconf 86' lang='lat' dir='ltr'><strong>sunt</strong></span> <span class='ocrx_word' id='word_1_720' title='bbox 653 5164 751 5235; x_wconf 81' lang='lat' dir='ltr'><strong>(ibid).</strong></span> <span class='ocrx_word' id='word_1_721' title='bbox 771 5164 804 5218; x_wconf 85' lang='lat' dir='ltr'><strong>Et</strong></span> <span class='ocrx_word' id='word_1_722' title='bbox 817 5168 882 5236; x_wconf 89' lang='lat' dir='ltr'><strong>quid</strong></span> <span class='ocrx_word' id='word_1_723' title='bbox 896 5183 945 5237; x_wconf 88' lang='lat' dir='ltr'><strong>per</strong></span> <span class='ocrx_word' id='word_1_724' title='bbox 959 5168 1012 5222; x_wconf 87' lang='lat' dir='ltr'><strong>hoc</strong></span> <span class='ocrx_word' id='word_1_725' title='bbox 1062 5162 1149 5232; x_wconf 85' lang='lat' dir='ltr'><strong>magis</strong></span> <span class='ocrx_word' id='word_1_726' title='bbox 1175 5161 1271 5218; x_wconf 87' lang='lat' dir='ltr'><strong>babeat</strong></span> <span class='ocrx_word' id='word_1_727' title='bbox 1294 5163 1498 5234; x_wconf 80' lang='lat' dir='ltr'><strong>acceptabilem.</strong></span> <span class='ocrx_word' id='word_1_728' title='bbox 1519 5161 1551 5217; x_wconf 82' lang='lat' dir='ltr'><strong>Et</strong></span> <span class='ocrx_word' id='word_1_729' title='bbox 1575 5164 1673 5235; x_wconf 88' lang='lat' dir='ltr'><strong>probat</strong></span> <span class='ocrx_word' id='word_1_730' title='bbox 1698 5163 1726 5218; x_wconf 92' lang='lat' dir='ltr'><strong>in</strong></span> <span class='ocrx_word' id='word_1_731' title='bbox 1750 5178 1848 5218; x_wconf 80' lang='lat' dir='ltr'><strong>conse·</strong></span> 
     </span>
     <span class='ocr_line' id='line_1_59' title="bbox 225 5253 1848 5330; baseline 0.002 -26"><span class='ocrx_word' id='word_1_732' title='bbox 225 5254 292 5307; x_wconf 79' lang='lat' dir='ltr'><strong>solit</strong></span> <span class='ocrx_word' id='word_1_733' title='bbox 309 5255 434 5325; x_wconf 88' lang='lat' dir='ltr'><strong>intelligi,</strong></span> <span class='ocrx_word' id='word_1_734' title='bbox 454 5256 535 5326; x_wconf 82' lang='lat' dir='ltr'><strong>panio</strong></span> <span class='ocrx_word' id='word_1_735' title='bbox 553 5266 615 5327; x_wconf 84' lang='lat' dir='ltr'><strong>post</strong></span> <span class='ocrx_word' id='word_1_736' title='bbox 632 5256 667 5312; x_wconf 81' lang='lat' dir='ltr'><strong>do</strong></span> <span class='ocrx_word' id='word_1_737' title='bbox 683 5258 794 5313; x_wconf 70' lang='lat' dir='ltr'><strong>civitam</strong></span> <span class='ocrx_word' id='word_1_738' title='bbox 812 5260 928 5330; x_wconf 75' lang='lat' dir='ltr'><strong>inquens</strong></span> <span class='ocrx_word' id='word_1_739' title='bbox 947 5261 1012 5317; x_wconf 72' lang='lat' dir='ltr'><strong>suh.</strong></span> <span class='ocrx_word' id='word_1_740' title='bbox 1062 5254 1210 5322; x_wconf 86' lang='lat' dir='ltr'><strong>quentibus</strong></span> <span class='ocrx_word' id='word_1_741' title='bbox 1225 5254 1298 5325; x_wconf 90' lang='lat' dir='ltr'><strong>quod</strong></span> <span class='ocrx_word' id='word_1_742' title='bbox 1315 5255 1338 5308; x_wconf 92' lang='lat' dir='ltr'><strong>si</strong></span> <span class='ocrx_word' id='word_1_743' title='bbox 1352 5253 1438 5310; x_wconf 81' lang='lat' dir='ltr'><strong>ltrdaei</strong></span> <span class='ocrx_word' id='word_1_744' title='bbox 1456 5255 1541 5308; x_wconf 85' lang='lat' dir='ltr'><strong>lavari</strong></span> <span class='ocrx_word' id='word_1_745' title='bbox 1558 5254 1694 5310; x_wconf 83' lang='lat' dir='ltr'><strong>voluerint</strong></span> <span class='ocrx_word' id='word_1_746' title='bbox 1711 5267 1781 5324; x_wconf 89' lang='lat' dir='ltr'><strong>aqua</strong></span> <span class='ocrx_word' id='word_1_747' title='bbox 1799 5253 1848 5307; x_wconf 88' lang='lat' dir='ltr'><strong>ha-</strong></span> 
     </span>
     <span class='ocr_line' id='line_1_60' title="bbox 222 5343 1849 5422; baseline 0.003 -27"><span class='ocrx_word' id='word_1_748' title='bbox 222 5343 316 5413; x_wconf 84' lang='lat' dir='ltr'><strong>jungit</strong></span> <span class='ocrx_word' id='word_1_749' title='bbox 336 5364 343 5398; x_wconf 91' lang='lat'><strong>:</strong></span> <span class='ocrx_word' id='word_1_750' title='bbox 361 5345 498 5411; x_wconf 83' lang='lat' dir='ltr'><strong>Quomodo</strong></span> <span class='ocrx_word' id='word_1_751' title='bbox 516 5347 589 5416; x_wconf 74' lang='lat' dir='ltr'><strong>[acta</strong></span> <span class='ocrx_word' id='word_1_752' title='bbox 608 5357 647 5400; x_wconf 86' lang='lat' dir='ltr'><strong>est</strong></span> <span class='ocrx_word' id='word_1_753' title='bbox 667 5351 792 5402; x_wconf 80' lang='lat' dir='ltr'><strong>oreretria</strong></span> <span class='ocrx_word' id='word_1_754' title='bbox 813 5351 906 5406; x_wconf 85' lang='lat' dir='ltr'><strong>ciuitas</strong></span> <span class='ocrx_word' id='word_1_755' title='bbox 926 5351 1011 5422; x_wconf 72' lang='lat' dir='ltr'><strong>fidelis</strong></span> <span class='ocrx_word' id='word_1_756' title='bbox 1062 5344 1211 5413; x_wconf 77' lang='lat' dir='ltr'><strong>nttsntotis,</strong></span> <span class='ocrx_word' id='word_1_757' title='bbox 1227 5361 1274 5414; x_wconf 82' lang='lat' dir='ltr'><strong>por</strong></span> <span class='ocrx_word' id='word_1_758' title='bbox 1288 5346 1360 5415; x_wconf 92' lang='lat' dir='ltr'><strong>quod</strong></span> <span class='ocrx_word' id='word_1_759' title='bbox 1376 5347 1463 5400; x_wconf 91' lang='lat' dir='ltr'><strong>solum</strong></span> <span class='ocrx_word' id='word_1_760' title='bbox 1481 5353 1596 5415; x_wconf 88' lang='lat' dir='ltr'><strong>possunt</strong></span> <span class='ocrx_word' id='word_1_761' title='bbox 1610 5361 1625 5398; x_wconf 93' lang='lat' dir='ltr'><strong>a</strong></span> <span class='ocrx_word' id='word_1_762' title='bbox 1640 5353 1752 5415; x_wconf 89' lang='lat' dir='ltr'><strong>peccato</strong></span> <span class='ocrx_word' id='word_1_763' title='bbox 1768 5358 1849 5400; x_wconf 85' lang='lat' dir='ltr'><strong>taton-</strong></span> 
     </span>
     <span class='ocr_line' id='line_1_61' title="bbox 224 5430 1849 5510; baseline 0.009 -24"><span class='ocrx_word' id='word_1_764' title='bbox 224 5434 304 5502; x_wconf 81' lang='lat' dir='ltr'><strong>plena</strong></span> <span class='ocrx_word' id='word_1_765' title='bbox 319 5430 570 5503; x_wconf 75' lang='lat' dir='ltr'><strong>judiciisia&#39;ttstiti&#39;a</strong></span> <span class='ocrx_word' id='word_1_766' title='bbox 588 5440 711 5509; x_wconf 85' lang='lat' dir='ltr'><strong>requierit</strong></span> <span class='ocrx_word' id='word_1_767' title='bbox 729 5441 757 5493; x_wconf 82' lang='lat' dir='ltr'><strong>in</strong></span> <span class='ocrx_word' id='word_1_768' title='bbox 777 5457 819 5508; x_wconf 87' lang='lat' dir='ltr'><strong>ea,</strong></span> <span class='ocrx_word' id='word_1_769' title='bbox 838 5459 907 5496; x_wconf 85' lang='lat' dir='ltr'><strong>nutrc</strong></span> <span class='ocrx_word' id='word_1_770' title='bbox 925 5455 1012 5500; x_wconf 88' lang='lat' dir='ltr'><strong>autem</strong></span> <span class='ocrx_word' id='word_1_771' title='bbox 1062 5437 1132 5502; x_wconf 84' lang='lat' dir='ltr'><strong>dari,</strong></span> <span class='ocrx_word' id='word_1_772' title='bbox 1148 5453 1226 5506; x_wconf 72' lang='lat' dir='ltr'><strong>posse</strong></span> <span class='ocrx_word' id='word_1_773' title='bbox 1240 5439 1408 5509; x_wconf 70' lang='lat' dir='ltr'><strong>nigredinem</strong></span> <span class='ocrx_word' id='word_1_774' title='bbox 1423 5446 1599 5510; x_wconf 69' lang='grc'><strong>[1116110111111</strong></span> <span class='ocrx_word' id='word_1_775' title='bbox 1614 5436 1713 5491; x_wconf 89' lang='lat' dir='ltr'><strong>mutari</strong></span> <span class='ocrx_word' id='word_1_776' title='bbox 1728 5434 1849 5492; x_wconf 73' lang='grc'><strong>1111111010</strong></span> 
     </span>
     <span class='ocr_line' id='line_1_62' title="bbox 226 5527 1848 5607; baseline 0.004 -31"><span class='ocrx_word' id='word_1_777' title='bbox 226 5527 365 5582; x_wconf 78' lang='lat' dir='ltr'><strong>henricidm</strong></span> <span class='ocrx_word' id='word_1_778' title='bbox 383 5529 482 5600; x_wconf 57' lang='lat' dir='ltr'><strong>(ibini,</strong></span> <span class='ocrx_word' id='word_1_779' title='bbox 503 5529 1012 5607; x_wconf 39' lang='grc' dir='ltr'><strong>11ωοοωῃῑῃῃῃφηιηᾱωῃςψω.</strong></span> <span class='ocrx_word' id='word_1_780' title='bbox 1062 5529 1214 5583; x_wconf 76' lang='lat' dir='ltr'><strong>munditiae.</strong></span> <span class='ocrx_word' id='word_1_781' title='bbox 1236 5528 1267 5584; x_wconf 85' lang='lat' dir='ltr'><strong>st</strong></span> <span class='ocrx_word' id='word_1_782' title='bbox 1286 5531 1395 5600; x_wconf 77' lang='lat' dir='ltr'><strong>suerint,</strong></span> <span class='ocrx_word' id='word_1_783' title='bbox 1418 5531 1516 5601; x_wconf 90' lang='lat' dir='ltr'><strong>inquit,</strong></span> <span class='ocrx_word' id='word_1_784' title='bbox 1539 5538 1645 5598; x_wconf 84' lang='lat' dir='ltr'><strong>peccata</strong></span> <span class='ocrx_word' id='word_1_785' title='bbox 1670 5537 1756 5582; x_wconf 88' lang='lat' dir='ltr'><strong>ocstra</strong></span> <span class='ocrx_word' id='word_1_786' title='bbox 1778 5529 1848 5583; x_wconf 87' lang='lat' dir='ltr'><strong>sicut</strong></span> 
     </span>
     <span class='ocr_line' id='line_1_63' title="bbox 226 5614 1845 5693; baseline -0.002 -17"><span class='ocrx_word' id='word_1_787' title='bbox 226 5626 289 5689; x_wconf 85' lang='lat' dir='ltr'><strong>pter</strong></span> <span class='ocrx_word' id='word_1_788' title='bbox 307 5629 421 5690; x_wconf 87' lang='lat' dir='ltr'><strong>peccata</strong></span> <span class='ocrx_word' id='word_1_789' title='bbox 439 5630 534 5678; x_wconf 91' lang='lat' dir='ltr'><strong>nostra</strong></span> <span class='ocrx_word' id='word_1_790' title='bbox 551 5614 737 5682; x_wconf 85' lang='lat' dir='ltr'><strong>comminatus</strong></span> <span class='ocrx_word' id='word_1_791' title='bbox 752 5635 806 5690; x_wconf 84' lang='lat' dir='ltr'><strong>est,</strong></span> <span class='ocrx_word' id='word_1_792' title='bbox 821 5634 851 5682; x_wconf 86' lang='lat' dir='ltr'><strong>nt</strong></span> <span class='ocrx_word' id='word_1_793' title='bbox 865 5629 899 5685; x_wconf 74' lang='lat' dir='ltr'><strong>de</strong></span> <span class='ocrx_word' id='word_1_794' title='bbox 914 5635 1013 5686; x_wconf 74' lang='lat' dir='ltr'><strong>caetnro</strong></span> <span class='ocrx_word' id='word_1_795' title='bbox 1062 5621 1207 5685; x_wconf 86' lang='lat' dir='ltr'><strong>coccinum,</strong></span> <span class='ocrx_word' id='word_1_796' title='bbox 1224 5624 1302 5692; x_wconf 87' lang='lat' dir='ltr'><strong>quasi</strong></span> <span class='ocrx_word' id='word_1_797' title='bbox 1318 5623 1364 5677; x_wconf 79' lang='lat' dir='ltr'><strong>itia</strong></span> <span class='ocrx_word' id='word_1_798' title='bbox 1382 5622 1575 5677; x_wconf 82' lang='lat' dir='ltr'><strong>dealbabuntur</strong></span> <span class='ocrx_word' id='word_1_799' title='bbox 1597 5619 1696 5693; x_wconf 75' lang='lat' dir='ltr'><strong>(itta).</strong></span> <span class='ocrx_word' id='word_1_800' title='bbox 1718 5618 1775 5679; x_wconf 86' lang='lat' dir='ltr'><strong>lloo</strong></span> <span class='ocrx_word' id='word_1_801' title='bbox 1792 5626 1845 5684; x_wconf 86' lang='lat' dir='ltr'><strong>cst,</strong></span> 
     </span>
     <span class='ocr_line' id='line_1_64' title="bbox 225 5710 1849 5794; baseline 0 -24"><span class='ocrx_word' id='word_1_802' title='bbox 225 5727 279 5768; x_wconf 88' lang='lat' dir='ltr'><strong>nos</strong></span> <span class='ocrx_word' id='word_1_803' title='bbox 297 5728 312 5767; x_wconf 90' lang='lat' dir='ltr'><strong>a</strong></span> <span class='ocrx_word' id='word_1_804' title='bbox 330 5715 403 5770; x_wconf 85' lang='lat' dir='ltr'><strong>malo</strong></span> <span class='ocrx_word' id='word_1_805' title='bbox 423 5725 621 5788; x_wconf 82' lang='lat' dir='ltr'><strong>compesceret,</strong></span> <span class='ocrx_word' id='word_1_806' title='bbox 639 5718 673 5776; x_wconf 84' lang='lat' dir='ltr'><strong>Et</strong></span> <span class='ocrx_word' id='word_1_807' title='bbox 692 5719 744 5777; x_wconf 82' lang='lat' dir='ltr'><strong>hoc</strong></span> <span class='ocrx_word' id='word_1_808' title='bbox 765 5722 915 5794; x_wconf 62' lang='lat' dir='ltr'><strong>scriptum</strong></span> <span class='ocrx_word' id='word_1_809' title='bbox 931 5739 1013 5794; x_wconf 72' lang='lat' dir='ltr'><strong>repn-</strong></span> <span class='ocrx_word' id='word_1_810' title='bbox 1063 5717 1189 5788; x_wconf 84' lang='lat' dir='ltr'><strong>quamvis</strong></span> <span class='ocrx_word' id='word_1_811' title='bbox 1204 5716 1355 5773; x_wconf 88' lang='lat' dir='ltr'><strong>eduderitis</strong></span> <span class='ocrx_word' id='word_1_812' title='bbox 1370 5717 1530 5788; x_wconf 87' lang='lat' dir='ltr'><strong>sauguinem</strong></span> <span class='ocrx_word' id='word_1_813' title='bbox 1547 5714 1708 5779; x_wconf 85' lang='lat' dir='ltr'><strong>saluatoris,</strong></span> <span class='ocrx_word' id='word_1_814' title='bbox 1723 5713 1753 5768; x_wconf 92' lang='lat' dir='ltr'><strong>in</strong></span> <span class='ocrx_word' id='word_1_815' title='bbox 1768 5710 1849 5783; x_wconf 78' lang='lat' dir='ltr'><strong>cujus</strong></span> 
     </span>
     <span class='ocr_line' id='line_1_65' title="bbox 226 5805 1849 5884; baseline 0.003 -26"><span class='ocrx_word' id='word_1_816' title='bbox 226 5812 308 5875; x_wconf 75' lang='lat' dir='ltr'><strong>girat-3</strong></span> <span class='ocrx_word' id='word_1_817' title='bbox 332 5818 396 5861; x_wconf 92' lang='lat' dir='ltr'><strong>nam</strong></span> <span class='ocrx_word' id='word_1_818' title='bbox 418 5816 512 5879; x_wconf 86' lang='lat' dir='ltr'><strong>aperte</strong></span> <span class='ocrx_word' id='word_1_819' title='bbox 532 5813 694 5880; x_wconf 87' lang='lat' dir='ltr'><strong>pronuntiat</strong></span> <span class='ocrx_word' id='word_1_820' title='bbox 715 5814 788 5884; x_wconf 90' lang='lat' dir='ltr'><strong>quod</strong></span> <span class='ocrx_word' id='word_1_821' title='bbox 810 5813 876 5868; x_wconf 90' lang='lat' dir='ltr'><strong>iacti</strong></span> <span class='ocrx_word' id='word_1_822' title='bbox 898 5815 966 5871; x_wconf 91' lang='lat' dir='ltr'><strong>estis</strong></span> <span class='ocrx_word' id='word_1_823' title='bbox 984 5815 1012 5870; x_wconf 93' lang='lat' dir='ltr'><strong>iu</strong></span> <span class='ocrx_word' id='word_1_824' title='bbox 1062 5811 1191 5883; x_wconf 90' lang='lat' dir='ltr'><strong>passione</strong></span> <span class='ocrx_word' id='word_1_825' title='bbox 1205 5811 1313 5882; x_wconf 87' lang='lat' dir='ltr'><strong>signnm</strong></span> <span class='ocrx_word' id='word_1_826' title='bbox 1329 5809 1405 5867; x_wconf 85' lang='lat' dir='ltr'><strong>liaab</strong></span> <span class='ocrx_word' id='word_1_827' title='bbox 1418 5810 1562 5866; x_wconf 88' lang='lat' dir='ltr'><strong>coccinum</strong></span> <span class='ocrx_word' id='word_1_828' title='bbox 1577 5808 1715 5881; x_wconf 87' lang='lat' dir='ltr'><strong>quondam</strong></span> <span class='ocrx_word' id='word_1_829' title='bbox 1731 5807 1760 5866; x_wconf 91' lang='lat' dir='ltr'><strong>in</strong></span> <span class='ocrx_word' id='word_1_830' title='bbox 1774 5805 1849 5863; x_wconf 89' lang='lat' dir='ltr'><strong>lene·</strong></span> 
     </span>
    </p>
   </div>
   <div class='ocr_carea' id='block_1_10' title="bbox 226 5895 1849 6071">
    <p class='ocr_par' dir='ltr' id='par_1_12' title="bbox 226 5895 1849 6071">
     <span class='ocr_line' id='line_1_66' title="bbox 226 5895 1849 5978; baseline 0.004 -30"><span class='ocrx_word' id='word_1_831' title='bbox 226 5895 395 5961; x_wconf 87' lang='lat' dir='ltr'><strong>satietatem,</strong></span> <span class='ocrx_word' id='word_1_832' title='bbox 417 5899 489 5969; x_wconf 88' lang='lat' dir='ltr'><strong>quod</strong></span> <span class='ocrx_word' id='word_1_833' title='bbox 512 5902 682 5958; x_wconf 91' lang='lat' dir='ltr'><strong>tantumdem</strong></span> <span class='ocrx_word' id='word_1_834' title='bbox 701 5905 783 5972; x_wconf 82' lang='lat' dir='ltr'><strong>salet,</strong></span> <span class='ocrx_word' id='word_1_835' title='bbox 803 5921 835 5961; x_wconf 92' lang='lat' dir='ltr'><strong>ac</strong></span> <span class='ocrx_word' id='word_1_836' title='bbox 855 5905 878 5961; x_wconf 94' lang='lat' dir='ltr'><strong>si</strong></span> <span class='ocrx_word' id='word_1_837' title='bbox 899 5905 1012 5961; x_wconf 81' lang='lat' dir='ltr'><strong>dixisset</strong></span> <span class='ocrx_word' id='word_1_838' title='bbox 1062 5909 1120 5957; x_wconf 86' lang='lat' dir='ltr'><strong>stra</strong></span> <span class='ocrx_word' id='word_1_839' title='bbox 1133 5902 1270 5972; x_wconf 89' lang='lat' dir='ltr'><strong>dependit,</strong></span> <span class='ocrx_word' id='word_1_840' title='bbox 1283 5903 1459 5974; x_wconf 72' lang='lat' dir='ltr'><strong>ptrcignrans</strong></span> <span class='ocrx_word' id='word_1_841' title='bbox 1472 5903 1544 5974; x_wconf 91' lang='lat' dir='ltr'><strong>quod</strong></span> <span class='ocrx_word' id='word_1_842' title='bbox 1559 5903 1618 5974; x_wconf 89' lang='lat' dir='ltr'><strong>ipsa</strong></span> <span class='ocrx_word' id='word_1_843' title='bbox 1632 5910 1659 5978; x_wconf 78' lang='lat' dir='ltr'><strong>ct</strong></span> <span class='ocrx_word' id='word_1_844' title='bbox 1674 5901 1774 5957; x_wconf 79' lang='lat' dir='ltr'><strong>dontius</strong></span> <span class='ocrx_word' id='word_1_845' title='bbox 1788 5900 1849 5971; x_wconf 82' lang='lat' dir='ltr'><strong>ejus</strong></span> 
     </span>
     <span class='ocr_line' id='line_1_67' title="bbox 227 5988 1847 6071; baseline 0.006 -30"><span class='ocrx_word' id='word_1_846' title='bbox 227 5988 256 6042; x_wconf 94' lang='lat' dir='ltr'><strong>in</strong></span> <span class='ocrx_word' id='word_1_847' title='bbox 288 5991 408 6049; x_wconf 83' lang='lat' dir='ltr'><strong>taedium.</strong></span> <span class='ocrx_word' id='word_1_848' title='bbox 438 5993 540 6050; x_wconf 86' lang='lat' dir='ltr'><strong>Contra</strong></span> <span class='ocrx_word' id='word_1_849' title='bbox 562 5996 614 6051; x_wconf 90' lang='lat' dir='ltr'><strong>hoc</strong></span> <span class='ocrx_word' id='word_1_850' title='bbox 636 5998 708 6056; x_wconf 90' lang='lat' dir='ltr'><strong>uuod</strong></span> <span class='ocrx_word' id='word_1_851' title='bbox 731 6001 913 6061; x_wconf 81' lang='lat' dir='ltr'><strong>patrocinium</strong></span> <span class='ocrx_word' id='word_1_852' title='bbox 934 6001 1012 6056; x_wconf 85' lang='lat' dir='ltr'><strong>vobis</strong></span> <span class='ocrx_word' id='word_1_853' title='bbox 1064 5996 1090 6049; x_wconf 90' lang='lat' dir='ltr'><strong>in</strong></span> <span class='ocrx_word' id='word_1_854' title='bbox 1106 6003 1246 6058; x_wconf 80' lang='lat' dir='ltr'><strong>aeternum,</strong></span> <span class='ocrx_word' id='word_1_855' title='bbox 1265 6010 1325 6067; x_wconf 80' lang='lat' dir='ltr'><strong>quae</strong></span> <span class='ocrx_word' id='word_1_856' title='bbox 1338 6002 1379 6051; x_wconf 92' lang='lat' dir='ltr'><strong>csl</strong></span> <span class='ocrx_word' id='word_1_857' title='bbox 1396 5994 1518 6052; x_wconf 83' lang='lat' dir='ltr'><strong>Ecclesia</strong></span> <span class='ocrx_word' id='word_1_858' title='bbox 1534 6001 1698 6071; x_wconf 77' lang='lat' dir='ltr'><strong>congregata</strong></span> <span class='ocrx_word' id='word_1_859' title='bbox 1713 5993 1747 6052; x_wconf 89' lang='lat' dir='ltr'><strong>de</strong></span> <span class='ocrx_word' id='word_1_860' title='bbox 1759 5991 1847 6067; x_wconf 81' lang='lat' dir='ltr'><strong>genti·</strong></span> 
     </span>
    </p>
   </div>
   <div class='ocr_carea' id='block_1_11' title="bbox 0 0 2186 6708">
    <p class='ocr_par' dir='ltr' id='par_1_13' title="bbox 0 0 2186 6708">
     <span class='ocr_line' id='line_1_68' title="bbox 0 0 2186 6708; baseline 0 0"><span class='ocrx_word' id='word_1_861' title='bbox 0 0 2186 6708; x_wconf 95' lang='lat' dir='ltr'><strong> </strong></span> 
     </span>
    </p>
   </div>
  </div>
 </body>
</html>
