4350 6709
335 560 389 619 919
906 506 1086 615 ιΑΝΟΣΙῺίΙ
1105 552 1243 613 SAECULl
1261 550 1321 611 llll.
1910 554 1964 613 m

278 692 280 697 ·
333 632 474 734 versitatis
484 687 564 746 opus,
576 670 663 743 ipsum
686 683 795 741 quoque
805 668 943 727 homiuem
963 669 1038 735 lecit,
1053 676 1081 726 et
1094 668 1122 726 id
1136 675 1161 735 Α
1174 682 1288 739 prorsus
1312 664 1438 735 amittat;
1451 673 1478 723 et
1493 667 1558 738 qaia
1572 630 1700 725 risibilia
1710 676 1738 725 et
1758 668 1889 725 sensibus
1902 684 1963 725 eor-

336 767 440 839 ipsum,
452 764 525 836 quod
536 769 635 834 potest,
650 761 753 815 bomini
769 776 850 832 posse
861 761 946 817 dedit.
1176 759 1251 828 poris
1266 757 1453 827 perceptibilia
1463 757 1561 828 diligit,
1575 773 1608 814 ea
1622 758 1795 813 solummodo
1805 765 1883 828 putet
1890 773 1962 823 esee,

256 872 260 879 ·
347 873 350 878 ·
371 854 478 910 intuere
492 853 588 918 solem,
603 852 707 916 lunam,
720 852 826 919 stellas,
836 850 1038 914 volatitiaeoeli‚
1048 859 1128 908 terrae
1176 862 1238 918 quoe
1263 847 1363 917 diligit.
1379 845 1450 902 ilinc
1473 862 1539 918 ergo
1552 847 1701 904 inlidelitas
1715 849 1759 903 rel
1780 847 1897 918 pertidia
1913 863 1965 903 na·

336 944 496 1009 animantia,
521 942 602 998 liores
616 951 644 998 et
666 943 784 1007 lructus,
800 950 828 999 ct
844 943 868 999 si
882 943 1024 1007 bemo,·si
1039 943 1126 997 ratio·
1176 937 1279 1001 scitur;
1293 936 1368 1005 quia,
1379 935 1445 990 duur
1461 948 1569 991 terrena
1589 944 1616 991 et
1631 937 1749 992 visibilia
1771 937 1889 991 nimium
1901 936 1966 992 dili·

335 1035 436 1092 nabilis
448 1049 489 1098 es.
514 1041 590 1089 certe
613 1033 790 1089 Conditorem
819 1034 941 1088 omnium
959 1034 1055 1089 borum
1071 1049 1126 1088 non
1176 1036 1291 1097 guntur,
1309 1025 1462 1082 scelestium
1483 1032 1511 1081 et
1526 1025 1706 1081 invisibilium
1729 1024 1798 1081 tides
1816 1026 1964 1082 amittitur.

335 1141 427 1181 amare
443 1139 497 1181 aon
513 1132 601 1194 potes.
613 1123 680 1189 Quis
690 1124 762 1179 enim
776 1123 842 1178 totis
854 1122 981 1180 medullis
994 1139 1056 1179 eum
1071 1139 1126 1178 uon
1176 1116 1215 1173 lta
1227 1118 1301 1174 enim
1324 1118 1406 1172 bomo
1435 1118 1596 1189 plerumque
1622 1118 1823 1175 cousuetudine
1833 1119 1966 1191 peccartdi

335 1215 442 1286 diligat,
462 1213 510 1285 qui
525 1213 600 1268 ornni
624 1214 740 1283 spiranti
765 1213 861 1278 vitam,
887 1213 1009 1268 cernenti
1026 1213 1126 1277 lucem,
1176 1206 1342 1276 opprimitur
1355 1216 1384 1260 θῑ
1406 1206 1575 1272 obmittit
1589 1216 1619 1262 ¹¹⁸
1645 1222 1709 1263 ieta
1729 1217 1875 1265 eiaelerm
1894 1209 1968 1265 botta

335 1305 458 1362 vescenti
478 1319 570 1361 escam
594 1303 666 1358 dat?
684 1303 832 1367 Enumera,
850 1302 873 1358 si
886 1282 974 1372 potes,
988 1301 1128 1358 creatoris
1177 1312 1238 1367 qttae
1252 1297 1316 1353 dote
1330 1303 1436 1351 natiuae
1448 1297 1601 1353 illustratus
1613 1305 1641 1353 et
1652 1298 1759 1353 videbat
1773 1306 1800 1353 et
1809 1300 1967 1370 appetebat,

334 1395 376 1450 tui
396 1394 447 1450 tibi
462 1408 594 1449 concessa
610 1392 753 1458 bervedcia,
769 1394 824 1458 sui,
841 1408 897 1464 quo
914 1402 940 1448 te
949 1392 1032 1456 iovet,
1051 1407 1129 1447 amo-
1177 1397 1271 1459 postea
1287 1388 1414 1458 turpibus
1443 1388 1589 1445 desideriis
1612 1388 1787 1445 dementatus
1810 1404 1863 1445 nee
1876 1389 1969 1447 videat

335 1484 376 1540 ris
389 1483 512 1551 iudicia;
532 1482 637 1553 etquis
651 1482 763 1537 aliudei
781 1498 830 1553 pro
851 1482 894 1539 lvio
906 1482 1034 1538 omnibus
1046 1480 1129 1537 retri·
1178 1496 1228 1537 nee
1242 1489 1360 1551 appetat.
1376 1478 1445 1535 lliuc
1460 1480 1533 1535 cuitu
1557 1482 1691 1550 scriptum
1716 1488 1776 1546 est,
1789 1481 1876 1550 quod,
1892 1490 1969 1551 post·

336 1576 421 1632 liuere
446 1590 502 1630 non
525 1575 620 1640 vales,
644 1582 781 1629 amantem
811 1575 908 1630 saltem
927 1573 1046 1639 mama,
1072 1588 1128 1627 uon
1178 1587 1260 1643 quam
1274 1586 1320 1626 res
1336 1569 1483 1641 babylonis
1498 1585 1587 1640 regem
1601 1569 1751 1625 Jerusalem
1774 1572 1858 1640 cepit,
1872 1571 1970 1627 oculas

264 1684 267 1695 ·
336 1674 469 1739 wantum
481 1666 616 1730 deberes,
632 1665 679 1720 sed
696 1673 827 1734 quantum
839 1665 924 1720 vales.
1178 1664 1239 1730 elus
1256 1660 1376 1722 eruerit,
1395 1659 1470 1730 quia,
1499 1667 1643 1729 postquam
1655 1675 1702 1714 rex
1723 1658 1968 1716 coulvrsionisdia·

364 1756 442 1812 ·Ecce
458 1764 489 1811 ut
499 1757 642 1811 innumera
650 1755 775 1824 corporis
785 1764 812 1811 et
824 1756 922 1810 animas
937 1753 1069 1810 benellcia
1086 1761 1128 1808 ta·
1179 1752 1257 1807 bolus
1272 1750 1314 1806 rel
1326 1749 1455 1821 peccandi
1468 1764 1535 1803 visus
1545 1765 1635 1820 regem
1645 1747 1807 1815 terusdem
1820 1751 1847 1804 id
1861 1750 1971 1821 estspi·

337 1860 459 1913 murus,
474 1843 645 1901 ductantem
661 1845 833 1916 proferamus
853 1843 880 1898 in
898 1843 1028 1905 medium,
1044 1843 1129 1898 vitam
1179 1841 1262 1894 ritunv
1282 1839 1400 1894 lvovniuis
1423 1853 1481 1893 suae
1501 1840 1704 1909 procurationis
1721 1856 1834 1911 regnum
1856 1840 1886 1895 in
1904 1856 1972 1912 pace

287 1992 295 2013 ‚
331 1928 532 1993 'evictum
555 1949 719 2005 quoeunque
744 1934 885 1989 bominum
912 1934 970 1988 lraee
999 1934 1127 1999 haberes,
1180 1929 1370 2001 disponentem
1386 1929 1752 1999 praviedesideriisuictum
1775 1931 1970 2001 captivaverit,

340 2026 438 2083 intimo
453 2041 514 2083 eum
529 2024 624 2094 procul
638 2025 732 2089 dubio,
754 2032 867 2094 totoque
876 2022 979 2093 {affectu
990 2023 1129 2093 diligeres.
1147 2013 1166 2068 Β
1180 2039 1261 2080 omne
1287 2025 1314 2078 in
1339 2037 1370 2077 co
1387 2021 1448 2077 ildei
1464 2022 1556 2078 lumen
1584 2023 1746 2093 exstinguit.
1770 2023 1808 2077 Es
1837 2024 1891 2079 bae
1905 2038 1972 2095 ergo

337 2113 468 2172 Videmus
478 2115 603 2171 homines
613 2114 648 2169 ab
658 2113 816 2169 bominibus
826 2128 880 2168 nou
895 2115 1013 2169 vitamet
1027 2113 1130 2168 uictum
1181 2112 1297 2181 spiritus
1315 2120 1342 2167 et
1357 2113 1546 2168 sensualitatis
1558 2114 1656 2183 copula
1675 2114 1779 2169 incesta
1801 2112 1912 2170 tructus
1924 2128 1972 2170 ae-

338 2205 388 2262 setl
403 2205 512 2276 aliquod
529 2205 591 2261 vitae
601 2207 726 2261 ctvictus
740 2204 935 2259 adminiculum
948 2204 1129 2280 Ιεοίιεοουῑοε,
1181 2217 1277 2271 quam,
1291 2203 1396 2257 scilicet
1410 2201 1556 2259 inlidelitas
1566 2205 1691 2274 emergit.

339 2301 417 2350 tanto
431 2309 479 2350 eus
494 2293 593 2349 ardore
613 2307 721 2357 amare,
737 2294 865 2347 attritam
884 2294 971 2363 ipsam
993 2307 1047 2346 uon
1062 2299 1131 2348 cuu-
1216 2293 1265 2348 Cui
1288 2295 1442 2365 desperatio
1469 2296 1670 2365 procreationis
1695 2297 1793 2353 ordine
1823 2297 1971 2364 succedit3

339 2393 449 2441 etentur
464 2399 513 2454 pro
533 2387 574 2439 eis
596 2384 732 2438 amittere.
750 2383 861 2449 Qvtauto
876 2398 941 2453 ergo
956 2398 1075 2438 autores
1091 2390 1129 2446 te,
1182 2386 1247 2455 qvvia
1260 2401 1373 2456 sperare
1387 2402 1467 2442 nertio
1487 2394 1587 2457 potest,
1600 2388 1744 2458 quodesse
1755 2403 1810 2442 nou
1823 2388 1925 2447 credit.

338 2491 356 2531 o
370 2475 463 2540 bomo,
479 2473 612 2531 colendus
625 2481 668 2529 cst
683 2472 765 2540 Deus,
782 2490 798 2528 a
813 2489 867 2544 quo
888 2475 983 2538 babes,
998 2474 1131 2544 quidquid
1216 2474 1276 2530 lairu
1298 2476 1397 2532 deiude
1416 2477 1542 2546 sequitur
1560 2474 1609 2533 Dei
1632 2486 1823 2549 contemptus;
1839 2479 1906 2550 quia
1926 2479 1973 2551 qui

339 2566 435 2633 babes,
452 2564 586 2637 quidquid
600 2579 642 2629 es,
653 2563 785 2636 quidquid
798 2565 898 2635 potes?
1182 2565 1244 2620 svdci
1259 2567 1366 2630 oeulos,
1383 2567 1441 2636 spei
1456 2582 1566 2637 quoquc
1596 2568 1744 2624 anchoram
1759 2568 1863 2632 amisit,
1875 2578 1971 2635 restat,

376 2659 439 2717 lltee
461 2674 525 2714 cum
541 2658 613 2713 ratio
634 2658 745 2729 spiritui
767 2658 899 2727 loquitur,
925 2655 1069 2724 taliterque
1082 2652 1133 2706 lto·
1183 2661 1212 2709 ut
1227 2656 1316 2724 ipsum
1332 2670 1441 2725 quoque
1456 2654 1541 2711 &uua
1556 2665 1724 2720 contemnat,
1738 2659 1773 2713 ad
1790 2658 1872 2730 cujus
1887 2660 1974 2717 buno-

339 2748 441 2804 minem
455 2746 560 2817 absque
574 2745 649 2801 omui
662 2746 807 2800 uerborum
820 2745 935 2815 strepitu
954 2744 1077 2804 instruit,
1094 2743 1133 2798 si·
1182 2761 1239 2800 rena
1259 2745 1301 2799 sel
1316 2734 1447 2814 amorem,
1461 2747 1597 2803 infidelem
1610 2755 1637 2825 et
1649 2748 1825 2821 desperatum
1839 2764 1892 2805 uec
1907 2750 1972 2808 ude·

340 2838 482 2894 millianam
502 2834 554 2891 sibi
569 2834 674 2904 prolem
689 2834 850 2889 charitatem
866 2832 960 2902 giguit.
976 2830 1054 2885 Patet
1067 2847 1132 2901 ergo
1182 2836 1319 2906 astringit,
1337 2851 1388 2891 nec
1403 2852 1467 2908 spes
1480 2838 1576 2893 allicit.
1590 2837 1745 2910 Sicutergo
1760 2855 1793 2895 ex
1808 2840 1936 2911 legitimo
1947 2851 1972 2896 et

340 2924 467 2997 perbase
482 2938 544 2994 quae
557 2922 676 2979 breviter
691 2923 887 2992 succincteque
905 2921 1093 2991 prediximus.
1105 2929 1132 2977 et
1182 2927 1299 2983 bonesto
1313 2927 1431 2984 rationis
1444 2934 1471 2984 el
1481 2927 1594 2999 spiritus
1616 2930 1756 2986 connubio
1770 2929 1850 2995 tides,
1865 2946 1932 3003 spes
1947 2940 1972 2988 et

340 3016 385 3072 lais
406 3014 518 3079 similia,
530 3014 594 3085 quia
605 3014 726 3069 charitas
739 3014 855 3070 rationis
880 3022 923 3068 est
949 3013 1014 3069 lilia.
1030 3013 1068 3068 Er
1084 3030 1132 3070 co·
1182 3014 1306 3070 cluavitas
1323 3025 1522 3086 procreantur;
1541 3018 1581 3074 sic
1597 3035 1630 3075 ex
1648 3020 1836 3077 sensualitatis
1849 3030 1876 3076 et
1893 3022 1968 3092 spiri·

341 3104 405 3175 pula
416 3119 483 3176 ergo
497 3104 618 3174 legitima
648 3104 763 3174 spiritus
780 3102 941 3184 etratiouis
962 3103 1039 3168 tides,
1056 3119 1131 3174 spes,
1184 3110 1227 3157 tus
1243 3102 1376 3157 adulterio
1387 3103 1429 3161 bis
1443 3108 1581 3162 contraria
1589 3109 1723 3178 pullulant
1738 3111 1862 3181 genuina
1873 3114 1972 3185 turpia

341 3194 462 3250 clatus
476 3202 666 3263 procreantur.
1182 3201 1210 3248 et
1224 3193 1295 3247 sicut
1310 3208 1342 3249 er
1358 3194 1413 3250 iilis
1425 3195 1514 3252 tribus
1527 3213 1635 3254 omnem
1647 3202 1779 3257 virtutum
1790 3203 1921 3271 eborum,
1936 3208 1971 3263 sit

429 3284 495 3340 Cae.
513 3283 545 3339 X.
558 3284 597 3340 De
612 3284 784 3340 sensualitate
794 3286 905 3339 rationis
921 3285 1031 3341 otacilio.
1183 3295 1216 3335 ex
1233 3281 1277 3336 luis
1291 3282 1380 3338 tribus
1397 3284 1488 3338 ovurvia
1502 3295 1624 3343 monstra
1638 3289 1768 3345 vitiorum
1788 3299 1901 3348 constat
1911 3310 1971 3366 pro·

378 3374 576 3448 Sedeontingit
589 3376 941 3447 quandoqueutlegitiuvi,
957 3377 1027 3431 casti
1042 3385 1070 3431 et
1083 3376 1132 3431 bo·
1184 3371 1288 3440 pagani.
1310 3372 1376 3439 Quae
1400 3375 1473 3429 euim
1500 3378 1588 3432 virtus
1609 3379 1686 3435 deest
1700 3382 1741 3436 rel
1755 3382 1854 3440 deesse
1875 3393 1971 3457 potest,

343 3465 415 3521 uesti
430 3467 532 3522 amoris
545 3465 647 3521 oblitus
657 3466 781 3535 spiritus,
792 3465 954 3521 adulterinis
970 3472 997 3522 et
1019 3467 1133 3523 incestis
1186 3463 1231 3516 tabi
1249 3462 1326 3528 fides,
1346 3479 1409 3534 spes
1421 3474 1448 3521 et
1463 3467 1585 3525 charitas
1596 3471 1656 3525 esti
1668 3470 1735 3526 Nam
1751 3474 1847 3541 ullam,
1861 3476 1909 3531 rubi
1920 3477 1972 3534 baee

342 3554 494 3612 delectetur
508 3565 536 3611 ct
550 3556 713 3611 immoretur
742 3558 923 3627 amplexibus.
951 3557 1038 3614 llaltet
1059 3559 1132 3614 cuim
1183 3562 1258 3617 suut,
1273 3555 1369 3611 abesse
1381 3557 1513 3613 virtutum
1532 3576 1582 3617 uec
1595 3560 1660 3634 ungi
1676 3565 1784 3633 quidem
1797 3582 1863 3624 vere
1874 3578 1971 3639 potest,

342 3646 414 3700 ratio
429 3646 556 3701 ancillam
571 3644 733 3700 naturaliter
744 3646 874 3701 lascivam
888 3653 915 3700 et
927 3646 1075 3715 petulcam.
1091 3647 1134 3701 iu·
1183 3643 1256 3698 uude
1269 3651 1297 3698 et
1310 3643 1460 3715 Apostolus
1476 3664 1538 3704 eum
1553 3653 1750 3722 praemisisset:
1773 3654 1864 3723 Naue,
1880 3661 1909 3715 in
1925 3661 1973 3719 boe

342 3735 527 3792 confinentem
542 3736 757 3806 etiutpudicam‚
773 3737 979 3793 sensualitatem
994 3738 1131 3804 videlieet,
1183 3734 1288 3790 scilicet
1306 3737 1419 3802 mundo,
1434 3756 1560 3811 coquosco
1584 3758 1618 3797 es
1638 3727 1723 3814 porte,
1749 3755 1810 3801 tenc
1830 3752 1972 3816 aeremia

343 3825 423 3896 cujus
436 3820 545 3895 quidem
558 3824 675 3880 odicium
703 3834 788 3892 esset,
821 3827 845 3882 si
869 3826 955 3896 legem
981 3828 1033 3883 sibi
1046 3844 1061 3882 a
1077 3828 1133 3885 lieo
1183 3824 1275 3879 lutura
1289 3827 1393 3884 scilicet
1402 3830 1467 3896 vita,
1480 3849 1645 3903 requestam,
1657 3837 1726 3890 sicut
1737 3846 1762 3891 et
1772 3841 1895 3909 coqtvitus
1906 3859 1971 3907 vum,

343 3916 520 3972 constitutam
547 3915 629 3970 vellet
652 3915 803 3982 custodire,
823 3916 940 3973 dominae
962 3933 1018 3974 suae
1033 3919 1132 3975 rationi
1183 3914 1347 3983 subjunxit:
1366 3915 1543 3974 Naucratem
1561 3933 1666 3977 monent
1681 3924 1972 3995 fideumemdoruus,

344 4008 372 4060 iu
383 4006 511 4061 omuibus
527 4012 554 4061 et
567 4021 616 4075 per
633 4008 724 4062 omnia
739 4007 861 4064 obedire.
881 4007 942 4078 lpsa
966 4009 1038 4062 enim
1065 4003 1152 4064 tuue'
1184 4005 1237 4058 trio
1252 4005 1307 4060 dere
1323 4006 1350 4078 ll
1363 4005 1427 4064 Cor.
1443 4010 1515 4081 surr),
1533 4013 1614 4083 quasi
1633 4013 1736 4071 diceret
1752 4033 1758 4068 :
1775 4016 1853 4074 'larue
1874 4036 1973 4094 coguo-

343 4104 449 4152 tauom
467 4106 541 4151 recte
568 4093 784 4160 insectemur
799 4097 997 4166 magisteriae
1017 4098 1133 4168 immuto
1183 4108 1269 4157 seam.
1288 4095 1337 4150 sed
1350 4112 1424 4153 nuuc
1446 4107 1476 4153 ut
1492 4101 1525 4156 ad
1538 4101 1742 4172 idnerveaiam.
1761 4117 1875 4165 ornnem
1896 4112 1975 4177 tues.

343 4184 458 4241 rationis
477 4198 532 4237 nen
547 4183 660 4237 recedit.
1183 4200 1258 4254 spes,
1272 4188 1403 4254 ebaritas,
1423 4192 1476 4246 tria
1493 4192 1562 4250 baec.
1585 4194 1676 4252 Patren
1699 4200 1811 4270 quidem
1839 4203 1899 4260 baec
1912 4206 1974 4272 tria,

380 4272 413 4328 Et
429 4286 616 4341 sepenumero
630 4274 732 4336 evenit,
756 4285 786 4329 ut
799 4276 938 4332 dominam
954 4279 1054 4333 aneilla
1069 4296 1133 4350 pro-
1183 4274 1230 4328 sed
1242 4277 1358 4333 multum
1373 4279 1462 4344 utilia,
1479 4297 1514 4337 cx
1526 4283 1627 4352 quibus
1639 4287 1766 4344 universa
1786 4291 1922 4348 virtutum
1936 4293 1974 4348 ia-

344 4369 420 4417 terva
436 4360 605 4431 contemptui
620 4361 731 4427 babere,
744 4370 771 4418 et
785 4380 835 4419 sua
850 4365 987 4422 desideria
1000 4370 1132 4438 sequiiu·
1182 4366 1257 4421 milia
1283 4378 1455 4439 procreatur.
1479 4372 1610 4445 Ntvvvquid
1639 4379 1711 4433 enim
1739 4381 1894 4448 burrdlitas,
1914 4386 1976 4443 obe·

344 4448 445 4521 eipiat,
463 4448 607 4520 ipsumque
631 4449 748 4507 dominae
773 4454 901 4511 maritum
929 4472 995 4513 suos
1011 4458 1046 4512 ad
1071 4474 1132 4513 ant·
1183 4459 1296 4522 dieutiu,
1324 4462 1473 4532 patientia,
1504 4466 1660 4535 prudentia,
1686 4469 1802 4538 justitia,
1831 4472 1973 4539 tortitudo,

345 4538 443 4610 plexus
455 4538 608 4609 impudicos
622 4538 735 4596 alliciat.
764 4541 851 4612 Cujus
866 4544 1005 4603 blanditiis
1018 4548 1133 4619 spiritus
1185 4550 1364 4617 temperantia
1378 4549 1534 4619 laudabilis,
1553 4552 1663 4625 lieoque
1671 4558 1848 4628 acceptabilis
1869 4561 1923 4617 lavit
1933 4564 1975 4619 vul

344 4629 478 4697 irretitus,
494 4629 621 4700 legitimae
646 4632 740 4689 uxoris
754 4633 866 4700 oblitus,
886 4643 973 4691 totum
985 4653 1014 4694 se
1026 4641 1134 4697 aracillae
1148 4673 1170 4727 D
1183 4649 1244 4692 esse
1264 4638 1361 4707 potuit,
1386 4640 1439 4694 nisi
1473 4657 1555 4711 qivam
1576 4644 1645 4700 ides
1663 4647 1784 4713 laetavit,
1807 4666 1872 4721 spes
1895 4656 1973 4720 aluit,

345 4718 427 4774 tradit
442 4720 591 4775 amoribus.
614 4717 701 4787 Quem
718 4721 776 4793 ipsa
793 4725 887 4782 caruis
899 4727 1036 4785 illecebris
1060 4730 1131 4786 inia-
1187 4726 1307 4783 ebaritas
1321 4727 1478 4784 roboravit?

345 4813 452 4863 tuatum
465 4806 503 4861 lta
518 4807 609 4863 reddit
622 4821 756 4866 amentem
768 4819 795 4867 et
808 4814 932 4881 stultum,
947 4825 1133 4875 uteatantum
1219 4815 1258 4872 Ex
1278 4817 1322 4873 bis
1340 4833 1405 4890 ergo
1433 4821 1524 4878 tribus
1543 4825 1655 4896 reliquae
1683 4828 1799 4886 virtutes
1824 4834 1973 4901 prodeunt,

343 4911 406 4969 (lua
434 4897 557 4952 Visssslllii
573 4906 601 4955 0²
625 4906 733 4955 leirena
752 4909 826 4966 tuni.
849 4905 958 4976 sapiat,
980 4910 1133 4966 coelestium
1183 4905 1295 4960 aluntur
1304 4915 1331 4962 et
1344 4910 1509 4967 subsistunt.
1537 4914 1576 4971 Ac
1596 4925 1708 4972 econtra
1737 4936 1771 4975 er
1788 4923 1865 4979 uitiis
1885 4925 1976 4982 tribus

345 5002 410 5043 sero
424 4996 452 5043 et
466 4987 648 5046 invisibilium
657 4991 748 5058 tidem,
763 5007 837 5063 spent
849 5001 876 5050 et
888 5009 1008 5052 amorem
1020 4999 1133 5057 omnino
1180 4995 1238 5065 jam
1251 4995 1343 5063 dictis,
1358 5014 1420 5071 quae
1437 5000 1480 5057 lais
1494 5003 1583 5060 tribus
1594 5006 1743 5064 uirtutibus
1753 5013 1895 5067 contraria
1910 5024 1974 5069 suut

344 5085 500 5149 li⁰⁸¹ll⁰¹¹²¹·
1183 5087 1310 5144 vitiorum
1329 5091 1452 5146 omnium
1468 5094 1576 5164 agmina
1597 5096 1669 5153 ioetla
1685 5111 1833 5169 proruunt,
1850 5111 1880 5159 et
1894 5105 1975 5177 quid-

399 5168 463 5227 Cae.
482 5168 528 5227 xl.
546 5171 586 5227 lie
606 5173 705 5243 tripiici
723 5173 796 5242 prole
814 5177 922 5245 spiritus
938 5188 963 5233 et
977 5181 1077 5235 corais.
1183 5176 1247 5247 quid
1259 5194 1349 5236 mores
1361 5187 1512 5254 corrumpit
1525 5186 1682 5259 loedatque,
1702 5207 1736 5245 ea
1751 5192 1803 5248 boe
1818 5196 1915 5260 trium,
1932 5198 1976 5255 ia·

380 5256 520 5332 Contingit
534 5275 609 5333 ergo,
625 5271 654 5317 ut
668 5280 702 5319 ex
727 5266 778 5323 hac
799 5268 897 5338 copula
914 5268 1067 5325 adulterina
1081 5267 1132 5326 ite-
1184 5266 1321 5327 fidelitatis
1343 5273 1459 5337 scilicet,
1476 5282 1504 5329 et
1518 5276 1720 5347 desperationis
1746 5290 1774 5338 et
1799 5295 1975 5361 contemptus

344 5348 457 5405 dissime
468 5350 584 5423 pignora
597 5360 624 5408 et
640 5354 754 5424 legitimi
769 5359 820 5413 tori
846 5359 1006 5430 pignoribus
1019 5358 1133 5418 omuirlo
1183 5356 1230 5415 Dei
1247 5362 1399 5432 prorumpit
1412 5365 1505 5421 radice
1516 5367 1623 5424 vitiata.

345 5440 484 5496 contraria
494 5450 522 5496 et
534 5442 682 5498 dissimilia
705 5456 895 5515 procreentur,
918 5449 1064 5507 iulidelitas
1077 5451 1133 5507 sci·
1236 5451 1302 5508 Car.
1315 5451 1375 5511 xli.
1394 5454 1434 5511 De
1447 5456 1582 5514 discordia
1597 5462 1724 5517 uirtutum
1743 5468 1920 5526 elvitiorum.

345 5529 420 5595 licet,
438 5530 593 5603 desperatio
607 5545 634 5590 et
649 5534 698 5590 Dei
711 5545 893 5609 conuruptus.
1217 5541 1432 5617 Contingitcrgo
1442 5547 1514 5603 inter
1524 5550 1593 5617 baec,
1604 5562 1696 5609 eastra
1707 5556 1827 5626 legitima
1838 5560 1973 5619 virtutum

380 5620 449 5677 Cum
465 5620 538 5678 enim
562 5623 677 5696 spiritus
691 5629 878 5689 sensualitatis
891 5630 1032 5689 blanditiis
1044 5635 1132 5705 capti·
1175 5639 1209 5707 ¹et
1224 5633 1370 5705 phalanges
1381 5639 1554 5698 turbulentas
1566 5643 1696 5700 vitiorum
1706 5662 1803 5718 graves
1817 5651 1974 5714 discordias

344 5716 427 5767 vatus
442 5726 473 5767 ea
484 5719 590 5769 tanturn
605 5730 698 5774 amare
712 5720 836 5791 coeperit,
851 5737 912 5791 quae
922 5725 1047 5793 corporis
1069 5741 1132 5781 seu·
1182 5733 1209 5780 et
1223 5725 1323 5782 beilum
1339 5728 1511 5799 implacabile
1525 5737 1644 5804 eroriri;
1670 5740 1735 5809 quia
1760 5755 1823 5798 eum
1837 5748 1974 5805 naturali·

348 5798 426 5856 sibus
440 5800 614 5871 hauriuntur,
632 5808 747 5881 contigit
764 5811 935 5883 plerumque,
949 5819 989 5879 ut,
1014 5815 1078 5887 quia
1099 5832 1132 5873 ea
1183 5817 1371 5874 terexereitus
1387 5827 1501 5892 uterque
1522 5822 1671 5896 dissideat,
1686 5836 1717 5885 ut
1726 5830 1778 5887 sibi
1793 5832 1914 5895 invitem
1925 5838 1973 5896 sd.

345 5893 464 5958 tantum,
486 5908 547 5962 quae
570 5894 714 5964 videntur,
740 5908 830 5967 aruat,
849 5903 1026 5959 invisibilium
1051 5907 1131 5964 sideru
1183 5921 1324 5976 versetur,
1337 5912 1492 5985 jugiterque
1503 5930 1667 5990 corvvpuguet
1682 5938 1795 5982 neccsse
1808 5936 1862 5984 est,
