4350 6709
367 517 419 586 tol
834 556 837 563 ·
976 526 1134 587 anourm
1151 529 1287 591 SAECULl
1303 531 1361 590 xli.
1436 576 1443 583 .
1930 522 1978 583 83

373 725 1969 759 mm

979 901 1374 1032 blnLoGUS

461 1310 798 1409 courulcru
832 1311 1058 1407 amonis
1098 1314 1198 1405 obt
1243 1314 1320 1404 ET
1353 1315 1597 1408 LINGUAE
1634 1312 1888 1435 DOLOSAE

644 1484 646 1486 ¹
681 1508 819 1569 Auctore
842 1519 1004 1586 anonymo
1027 1504 1085 1586 qui
1118 1504 1248 1568 videtur
1271 1506 1391 1569 saeculo
1418 1523 1467 1569 m
1494 1505 1655 1573 floruisse.

364 1665 407 1744 (b.
421 1672 503 1731 Bern.
516 1671 614 1730 Pezrus
642 1671 804 1729 Bibliotheca
829 1673 943 1727 ascerica
968 1673 1168 1742 antiquo-noes,
1196 1672 1362 1736 Ratisbonm,
1393 1673 1472 1732 libb.
1486 1674 1575 1738 inid,
1593 1682 1660 1730 tom.
1676 1671 1704 1741 l,
1713 1689 1740 1745 p.
1754 1674 1781 1742 {3
1794 1689 1828 1731 ex
1848 1673 1916 1732 eod.
1929 1689 1980 1732 ms

866 1744 1025 1800 monasterii
1043 1742 1240 1813 wiblingensis
1253 1745 1313 1802 ord.
1331 1744 1361 1801 S.
1377 1743 1493 1816 berned.)
1525 1827 1528 1836 Ι

1017 2069 1333 2165 monicum.

396 2262 514 2336 Elegans
529 2264 616 2321 bocet
629 2265 739 2328 scitum,
755 2265 918 2336 pietatisque
929 2281 1012 2322 sensu
1023 2266 1136 2390 Klenum
1150 2265 1312 2338 opusculum
1323 2272 1376 2329 eet,
1393 2263 1420 2320 in
1436 2277 1491 2336 quo
1505 2277 1537 2319 ea
1551 2259 1643 2318 omnia
1658 2261 1776 2317 breviter
1790 2268 1982 2333 proponuntur

360 2341 389 2390 et
401 2333 617 2406 diluenturquee
634 2335 747 2408 spiritus
760 2336 854 2390 mundi
869 2345 897 2391 et
910 2336 1003 2392 carnis
1042 2338 1250 2394 ominibus-iter
1260 2335 1358 2392 salutis
1378 2349 1411 2389 ac
1449 2334 1582 2390 raesertim
1594 2335 1677 2388 citam
1689 2333 1845 2403 religiosam
1862 2334 1918 2387 arri
1953 2348 1982 2388 re

360 2405 516 2462 volentibus
531 2403 651 2475 obiicere
668 2407 822 2462 cousuevit.
838 2405 943 2463 Nomen
956 2408 1079 2463 auctoris
1099 2406 1232 2463 hactenus
1247 2407 1322 2462 nulla
1337 2413 1398 2460 arte
1419 2350 1545 2476 detegere
1607 2405 1658 2458 mi.
1674 2401 1744 2456 Eum
1766 2402 1853 2459 luisse
1877 2349 1980 2459 orfiti

359 2473 552 2532 cisterciensis
566 2490 621 2531 non
638 2475 775 2531 immerito
786 2478 849 2547 quis
862 2493 896 2532 ex
922 2478 958 2534 iis
972 2478 1110 2547 conjectet
1124 2477 1283 2548 ‹pue-paulo
1299 2481 1364 2532 aule
1385 2475 1465 2531 tinem
1482 2491 1561 2530 secun
1581 2490 1604 2529 c
1620 2473 1683 2528 diei.
1700 2472 1767 2529 Cum
1788 2475 1863 2528 euim
1880 2472 1980 2546 Linque

358 2544 453 2601 dolosa
462 2546 656 2603 criminaretur
669 2547 823 2603 coenobitas
836 2547 910 2618 quod
934 2556 964 2601 ct
979 2549 1086 2603 zizania
1104 2548 1164 2618 jem
1177 2548 1349 2603 exercuissent
1361 2547 1388 2601 in
1402 2544 1510 2606 mundo,
1535 2547 1580 2616 qui
1595 2554 1701 2614 propter
1724 2543 1787 2597 cilia
1802 2560 1853 2597 cuo
1871 2557 1980 2613 prorsus

358 2616 413 2670 sint
422 2616 550 2688 fugiendi,
565 2616 667 2739 gaique
678 2619 835 2671 mutaverim
850 2627 946 2673 uestem
957 2619 1003 2673 scd
1016 2636 1067 2673 non
1079 2626 1202 2683 mentem,
1217 2616 1365 2689 respondet
1377 2625 1474 2671 auctor
1486 2616 1538 2671 sub
1548 2629 1664 2685 persona
1675 2614 1781 2669 Amoris
1794 2614 1844 2668 Dei
1859 2614 1887 2669 in
1911 2615 1981 2670 bunc

358 2687 484 2741 modum:
494 2685 564 2740 Licet
587 2698 805 2757 oecequrteoero
811 2691 874 2752 sint,
887 2703 947 2757 quae
955 2689 1175 2753 commemorasti,
1183 2687 1252 2757 quod
1262 2689 1295 2743 de
1308 2686 1399 2741 maltis
1414 2693 1498 2741 lecum
1508 2687 1602 2747 sentio,
1618 2686 1651 2740 de
1661 2686 1761 2738 cunetis
1775 2683 1863 2739 dicere
1870 2694 1896 2740 el
1911 2700 1982 2741 nete·

358 2771 416 2810 rere
430 2772 482 2811 non
494 2758 588 2812 uedeo.
601 2757 728 2824 Quomois
742 2760 812 2813 enim
823 2758 932 2828 qnidam
942 2759 1075 2830 nigredine
1088 2759 1199 2815 metium
1211 2770 1237 2815 et
1246 2759 1369 2814 citiorem
1377 2758 1430 2811 sint
1441 2757 1549 2828 fuscati,
1565 2756 1611 2827 qui
1623 2756 1773 2826 gloriantur
1784 2772 1812 2811 se
1823 2754 1921 2811 trabere
1933 2755 1982 2810 ue·

357 2827 448 2906 gelam
459 2827 606 2891 Benedicti,
614 2827 660 2883 sed
675 2838 763 2883 tomen
777 2845 873 2899 meque
886 2845 918 2883 ec
930 2830 1071 2900 perreium
1080 2839 1247 2895 corruerem,
1258 2839 1283 2885 et
1297 2827 1492 2883 declinaverunt
1500 2827 1534 2881 ed
1546 2836 1644 2881 sectam
1656 2821 1796 2881 maledicit
1803 2843 1812 2887 ,·
1828 2835 1981 2882 nontamen

358 2905 397 2951 rte
409 2898 511 2965 penites
525 2896 621 2965 dejecti
632 2907 693 2968 aput
705 2900 732 2953 in
743 2899 845 2967 lorcam
856 2900 988 2958 uitiorum.
1003 2902 1066 2971 quin
1078 2899 1315 2973 aliqeoebcbeant,
1330 2898 1375 2968 qui
1391 2911 1496 2968 gemunt
1510 2907 1535 2952 el
1550 2898 1651 2965 dolent,
1664 2914 1722 2968 qua·
1740 2896 1981 2951 contresenrlisai·

357 2982 429 3020 nram
442 2964 633 3038 Regalemlieri
643 2967 739 3024 vident.
751 2967 935 3024 Tumsubdit:
952 2969 1131 3026 Videreetiem
1139 2979 1213 3041 polee
1221 2968 1351 3043 quosdam
1360 2969 1476 3024 intereos
1487 2968 1532 3039 qm·
1542 2969 1632 3022 babitu
1643 2985 1670 3022 te
1679 2969 1712 3020 ab
1721 2966 1778 3021 tolle
1790 2965 1979 3030 dt'tlt'tlumi,

357 3043 383 3091 ct
394 3037 590 3107 aliquantulum
600 3054 628 3092 ce
647 3038 736 3093 ordini
759 3039 847 3092 aerim
861 3040 1022 3112 astringunt.
1037 3040 1252 3112 Quaepostrema
1265 3038 1358 3100 verba,
1373 3039 1400 3092 ui
1416 3039 1494 3094 valde
1509 3039 1598 3103 lallor,
1624 3037 1746 3094 ordinem
1768 3035 1983 3093 cisterciensem

358 3108 520 3176 respiciunt,
536 3108 564 3162 in
582 3123 637 3177 quo
651 3110 777 3166 restibus
787 3110 857 3164 atris
880 3124 943 3164 cum
967 3112 1037 3168 albis
1052 3113 1087 3166 ab
1109 3125 1181 3168 anno
1197 3109 1306 3168 Domini
1320 3109 1433 3164 circiter
1448 3107 1518 3165 libo
1534 3110 1707 3179 permutatis.
1723 3108 1884 3163 monasticae
1897 3107 1980 3162 disci·

357 3178 449 3247 plinze,
460 3193 542 3250 quarn
555 3187 652 3234 auctor
664 3179 769 3246 laudat,
792 3181 870 3251 vigor
883 3180 1014 3237 relloruit.
1036 3180 1160 3253 Denique
1174 3197 1238 3237 cum
1253 3178 1373 3238 dubitari
1389 3189 1515 3251 nequeat,
1541 3179 1643 3250 dialogi
1659 3186 1797 3234 auctorem
1813 3178 1980 3232 monaclurm

357 3247 453 3312 luisse,
465 3248 509 3304 rix
523 3248 685 3304 crediderim
697 3265 758 3305 eum
772 3248 882 3321 Linque
893 3250 993 3306 dolose
1005 3258 1111 3306 tantum
1129 3254 1157 3306 ln
1172 3251 1366 3308 Benedictinos
1379 3264 1577 3306 concessurum
1595 3250 1691 3312 luisse,
1714 3249 1737 3304 si
1753 3249 1811 3318 ipse
1822 3246 1979 3303 Berredicti·

356 3332 410 3373 nrrs
421 3316 565 3375 iniisset0
585 3321 711 3375 osculum
724 3320 776 3375 lroc
790 3336 824 3376 ex
835 3321 955 3377 celebris
966 3323 1123 3378 monasterii
1135 3319 1334 3394 wiblingensis
1353 3334 1437 3390 prope
1449 3318 1554 3375 Ulrnam
1566 3319 1659 3376 codice
1668 3336 1718 3375 rus.
1735 3333 1843 3374 meeum
1857 3333 1980 3373 comnm-

356 3389 547 3472 nieaylttadm.
563 3334 597 3446 fi.
616 3390 647 3446 b.
669 3390 699 3449 Ρ.
713 3391 881 3447 Ccelestiuus
895 3391 981 3464 blapr,
992 3393 1115 3463 ejusdem
1130 3393 1183 3450 loci
1202 3401 1295 3449 asceta
1309 3398 1337 3448 et
1351 3391 1588 3456 bibliothecarius,
1600 3391 1705 3445 arnicus
1717 3397 1810 3446 noster
1825 3389 1907 3461 louge
1920 3387 1978 3442 dili·

356 3470 544 3533 gentresrmna.

403 3956 409 3971 ,
459 3764 479 3795 ”
519 3866 521 3871 ·
557 3826 825 3944 muru
865 3757 1315 3946 consorores
1352 3827 1618 3944 nuours
1656 3827 1775 3943 um

363 4054 365 4058 ’
571 4172 591 4181 ,,
832 4065 907 4156 er
943 4067 1189 4158 crucum
1229 4067 1502 4162 bonose.

626 4403 703 4460 oles
721 4403 861 4464 rurtrtJS.
1151 4418 1175 4475 Α
1189 4412 1368 4484 propositum,
1385 4410 1408 4466 si
1421 4425 1509 4480 penna
1521 4408 1794 4466 coelestisamorisaa
1807 4418 1901 4468 adase
1913 4429 1973 4469 sris·

386 4501 426 4559 be
436 4501 551 4572 strepitu
566 4498 666 4572 lingue
675 4500 786 4567 dolose.
802 4510 870 4574 qoot
883 4509 912 4560 et
925 4506 1036 4576 quantis
1047 4506 1138 4562 modis
1188 4506 1341 4581 penderint,
1355 4503 1466 4576 quiseis
1479 4517 1579 4559 nocere
1592 4500 1764 4573 praevalebit?
1774 4499 1803 4555 Si
1817 4502 1891 4557 euim
1903 4504 1973 4560 beus

351 4608 426 4651 nunc
436 4608 527 4659 senes,
550 4608 623 4648 nunc
634 4594 760 4665 juvenes.
776 4611 850 4651 uurrc
864 4596 951 4662 viros,
966 4613 1041 4655 nnnc
1057 4598 1137 4656 lemi·
1188 4596 1370 4670 proeis‚quis
1383 4603 1478 4651 contra
1488 4595 1552 4652 eost

350 4703 413 4754 nas,
424 4694 461 4750 et,
477 4687 636 4743 utbreviter
648 4687 1135 4754 dicamue,omuemsexum,omnem
1222 4690 1395 4766 Perstrepere
1409 4695 1499 4742 tamen
1522 4683 1624 4757 Linque
1635 4681 1810 4739 subteranos
1826 4691 1929 4748 cessat,
1946 4690 1973 4738 et

350 4784 459 4833 aetatem
478 4775 618 4847 impediat,
634 4785 661 4832 et
684 4777 803 4846 qualiter
814 4761 923 4834 omnem
937 4779 1136 4850 professionem
1186 4783 1215 4839 in
1235 4781 1307 4837 bone
1321 4780 1431 4836 medum
1447 4777 1570 4833 delicatis
1585 4777 1724 4847 loquitur:
1739 4774 1811 4843 Quid
1828 4783 1883 4840 est,
1895 4775 1968 4846 quod

328 4886 332 4897 ⁴
351 4867 470 4935 indelat,
492 4868 540 4939 qui
564 4875 664 4938 potest,
686 4868 804 4924 erolrat.
824 4869 931 4925 Nostrae
955 4872 1083 4941 parvitati
1102 4868 1135 4925 ad
1186 4874 1355 4948 agisllabor
1367 4880 1410 4928 est
1428 4871 1618 4932 intolerabilis,
1638 4884 1698 4940 quae
1717 4867 1827 4939 aggredi
1840 4868 1970 4931 conaris;

349 4959 605 5033 praesenssulbeiat‚
622 4967 652 5015 nt
665 4960 762 5016 saltem
776 4960 811 5016 de
824 4962 940 5019 rudibus
953 4962 980 5017 in
995 4964 1136 5035 proposito
1185 4982 1275 5031 cessa,
1292 4979 1395 5037 quaeso,
1409 4976 1503 5029 cessa;
1522 4963 1548 5016 in
1572 4961 1716 5017 conatibus
1733 4959 1788 5014 tuis
1802 4959 1915 5030 grandir
1931 4966 1972 5015 csl

348 5067 436 5126 pauca
454 5052 607 5123 loquamur.
624 5049 681 5106 Cur
696 5060 785 5108 autem
798 5055 990 5125 prosopopoeia
1004 5065 1134 5123 utamur,
1185 5059 1311 5116 stultitia.
1323 5054 1433 5124 Quodsi
1450 5055 1477 5110 iu
1488 5054 1569 5109 corde
1582 5067 1678 5109 eorum
1691 5067 1767 5105 emor
1777 5050 1891 5105 celestia
1904 5064 1972 5121 prae·

348 5143 643 5215 majoribuejudicium
658 5145 852 5215 relinquamus.
871 5142 925 5217 ipsi
939 5147 1012 5202 enim
1027 5149 1147 5218 erperir
1185 5150 1279 5214 saluit,
1287 5162 1377 5203 noune
1387 5143 1517 5216 Linguam
1526 5142 1646 5198 dolosam
1655 5141 1784 5213 lrauguut
1794 5141 1972 5211 piisrespon·

348 5245 442 5295 mento
460 5245 605 5300 noverunt,
617 5236 690 5306 quod
708 5238 827 5293 varietas
841 5238 987 5296 locutionis
1006 5240 1077 5295 tollit
1094 5238 1135 5294 la·
1185 5238 1326 5298 sionibus?
1345 5235 1486 5304 Quomodo
1501 5249 1567 5305 ergo
1580 5232 1645 5288 huic
1659 5233 1754 5303 primae
1769 5231 1899 5288 versutiae
1913 5245 1970 5286 res·

347 5329 461 5385 clidium
473 5327 610 5384 veritatis.
620 5326 706 5383 Porro
717 5329 744 5383 in
760 5328 860 5399 quibus
879 5330 1011 5384 mundum
1025 5331 1136 5385 caleau·
1173 5331 1323 5406 ‘pondentl
1347 5329 1421 5385 Dicis
1436 5327 1508 5400 quod
1529 5327 1606 5382 labor
1629 5325 1665 5382 sit
1692 5323 1885 5391 intolerabilis,
1911 5338 1970 5394 que

346 5427 414 5483 tem,
427 5418 533 5475 coelesti
555 5416 692 5473 desiderio
709 5417 878 5490 flagrantem,
889 5426 957 5488 quot
971 5427 998 5475 et
1016 5430 1135 5491 quantos
1184 5424 1295 5496 aggredi
1319 5423 1402 5478 nitor.
1423 5419 1475 5476 Sel
1496 5419 1550 5474 boc
1572 5416 1623 5473 tibi
1638 5413 1879 5478 considerandum,
1897 5411 1969 5486 quod

347 5510 412 5565 burc
427 5508 541 5581 laqueos
555 5508 709 5581 pretendit,
721 5518 788 5580 quot
807 5510 906 5573 modis,
919 5519 986 5581 quot
1005 5512 1134 5569 versutiis
1184 5512 1321 5582 maiorest
1333 5510 1380 5566 bei
1392 5509 1445 5565 mei
1456 5506 1620 5578 benignitas,
1631 5521 1713 5576 quam
1729 5518 1789 5559 mea
1803 5499 1969 5566 infirmium

346 5598 421 5654 bunc
430 5598 573 5667 seducere,
588 5599 705 5665 irretire,
716 5599 916 5670 etareligiouis
929 5603 1070 5672 proposito
1086 5617 1135 5657 co·
1184 5603 1272 5672 major
1281 5599 1425 5674 prudentia
1440 5598 1549 5662 medici,
1565 5611 1645 5667 quam
1661 5596 1776 5666 languor
1783 5592 1890 5665 aegroti.
1906 5594 1971 5649 suo

344 5699 429 5746 natm
445 5699 579 5756 avertere,
592 5695 654 5762 quis
667 5690 767 5748 subicit
779 5693 924 5755 estimare,
934 5693 997 5764 quis
1008 5695 1134 5751 valetex-
1184 5696 1294 5767 quidem
1315 5691 1514 5764 aliquantulum
1536 5704 1597 5745 esse
1620 5688 1648 5743 in
1663 5688 1715 5743 hae
1727 5702 1758 5742 re
1770 5684 1943 5743 difficultatis
1959 5698 1970 5740 t

345 5777 730 5854 plicarelSalomonisautem
741 5785 823 5841 rerba
830 5785 1023 5841 convertendis
1033 5787 1131 5842 solatio
1149 5765 1247 5845 ssnovi
1261 5770 1342 5845 etiam
1355 5793 1458 5841 arctam
1472 5783 1704 5854 essentiamque
1723 5780 1799 5837 ducit
1815 5779 1851 5838 ad
1872 5779 1969 5844 rium,

343 5890 408 5931 esse
419 5883 546 5947 possunt,
560 5876 608 5946 qui
623 5877 672 5939 ait,
683 5875 757 5947 quod
777 5876 882 5946 {restra
891 5877 994 5947 jacitur
1005 5888 1059 5933 rete
1069 5888 1131 5934 ante
1183 5891 1211 5937 et
1224 5893 1327 5952 paucos
1339 5876 1443 5949 ingredi
1456 5889 1583 5947 peream.
1597 5871 1650 5931 Sed
1664 5873 1687 5929 si
1698 5870 1844 5928 diflcultas
1856 5868 1970 5927 “tedio

345 5967 627 6037 ecclospenuntorem.
646 5967 697 6035 out
717 5968 790 6025 enim
808 5966 864 6038 iam
878 5979 976 6041 gerunt
992 5970 1131 6043 religionis
1184 5971 1365 6041 habentibns;
1383 5967 1453 6026 mira
1472 5966 1594 6026 suavitas
1607 5972 1660 6031 est,
1676 5965 1735 6022 lere
1745 5962 1845 6034 iugum
1857 5958 1968 6020 bornird
