4350 6709
347 552 400 609 Μ
880 552 1013 608 arcanus
1033 550 1279 610 CREMONENSlS
1299 550 1452 609 suiacum
1912 551 1969 610 Μ

345 667 438 724 miuus
459 665 568 723 illorum
594 682 658 722 cum
684 679 785 738 iuagno
800 667 924 723 exercitu
947 667 976 722 iu
1000 668 1131 724 strictura
1145 674 1168 731 Α
1183 668 1367 725 hebdomadas
1386 669 1430 724 die
1450 656 1586 740 noctuqr'ie
1601 671 1702 727 acriter
1718 669 1925 742 impugnabant,
1941 679 1970 728 et

344 759 479 814 montium
503 758 648 815 transitum
673 759 845 830 prohibebat,
863 759 967 826 dicaris,
984 761 1056 832 quod
1075 776 1130 816 irou
1181 757 1344 816 Christianis
1356 770 1454 831 praeter
1476 778 1573 818 carnes
1585 765 1701 834 equinas
1716 764 1844 820 victualia
1855 765 1969 823 delicie·

346 851 504 918 transirent,
519 850 574 907 nisi
588 859 697 907 centum
712 852 880 908 summarios
891 867 960 908 auro
974 862 1001 908 ct
1017 862 1131 924 argento
1181 851 1256 906 bant.
1270 852 1394 925 Cumque
1415 869 1469 909 nori
1488 855 1657 912 inseirisseut
1671 872 1770 928 aquam
1784 872 1832 928 per
1850 857 1924 914 dieui
1939 868 1970 914 et

345 950 474 997 oneratos
498 941 604 997 darent.
629 939 780 1012 imperator·
804 952 895 999 autem
926 944 1078 1017 respondit,
1101 959 1131 1000 se
1180 952 1299 1010 noctem,
1316 943 1535 1016 Turcoquodam
1556 958 1636 1018 capto
1655 949 1778 1017 docente,
1793 964 1893 1020 aguaiii
1912 951 1968 1007 sai·

343 1030 460 1086 libenter
469 1030 546 1098 dare,
559 1032 605 1087 sed
619 1047 672 1086 nou
690 1031 742 1087 uisi
761 1032 927 1088 menolatum
940 1030 1131 1088 uuum.luter·
1180 1047 1239 1088 sam
1258 1032 1389 1088 sitibundi
1413 1043 1441 1089 et
1461 1033 1578 1092 famelici
1595 1050 1764 1107 repererunt.
1790 1039 1882 1096 Altera
1899 1054 1968 1097 vero

342 1122 380 1177 im
392 1123 481 1178 nuntii
498 1123 614 1191 soldani,
632 1122 678 1194 qui
698 1122 886 1180 fraudulenter
905 1125 1040 1181 ducebant
1054 1140 1129 1193 eum,
1179 1125 1224 1179 die
1250 1127 1435 1182 castrametati
1462 1116 1527 1184 sunt
1541 1128 1568 1182 iii
1593 1130 1722 1185 viridario
1736 1132 1831 1194 iconii,
1847 1133 1968 1190 ciuitatis

342 1216 480 1283 dicebant,
508 1216 582 1286 quod
610 1216 664 1271 cito
687 1215 821 1272 iutrarent
844 1226 944 1271 terram
967 1216 1084 1282 soldani,
1101 1217 1128 1272 iir
1178 1214 1309 1280 isauria,
1333 1219 1405 1274 uude
1434 1219 1565 1276 suldanus
1596 1222 1753 1292 imperatori
1775 1225 1966 1293 maudaverat,

341 1325 397 1380 qua
413 1324 481 1382 gens
496 1309 541 1363 illa
557 1308 611 1364 sibi
622 1309 737 1364 ulterius
751 1324 804 1363 uorr
828 1318 949 1365 noceret.
965 1309 1042 1365 Tunc
1064 1310 1129 1379 quia
1179 1310 1252 1380 quod
1267 1309 1338 1366 ruale
1358 1309 1508 1367 intraverat
1523 1321 1623 1368 terram
1643 1330 1732 1370 suam.
1749 1313 1900 1382 imperator
1914 1334 1969 1375 au·

342 1399 415 1456 lteris
430 1416 484 1456 non
501 1401 613 1456 dimittit
627 1409 771 1470 sperantes
785 1400 811 1455 iu
826 1416 866 1468 se,
880 1402 992 1471 quidam
1006 1404 1129 1458 admira·
1179 1409 1234 1456 terri
1249 1403 1355 1458 remisit
1380 1419 1516 1472 quaerens,
1540 1404 1563 1461 si
1587 1404 1678 1461 lorum
1693 1407 1833 1474 tribueret,
1848 1424 1883 1464 air
1896 1425 1966 1466 riori.

341 1501 396 1559 tus,
411 1492 515 1548 coelestl
530 1491 616 1563 gratia
643 1491 793 1560 inspiratus
806 1491 873 1560 (dl),
890 1492 1046 1562 imperatori
1059 1494 1129 1549 adeo
1181 1490 1318 1546 Saldanus
1332 1493 1483 1562 respoudit,
1502 1508 1532 1549 se
1556 1494 1701 1562 daturum;
1727 1495 1775 1551 sed
1793 1511 1856 1552 cuur
1881 1497 1969 1553 nimia

341 1584 464 1641 lraudem
478 1583 591 1650 deterit,
615 1593 642 1639 et
660 1583 783 1653 praelium
808 1599 889 1639 maire
911 1585 1033 1640 lusurum
1059 1603 1129 1658 prae-
1178 1597 1273 1637 caium
1291 1582 1411 1646 otieriet,
1423 1583 1571 1640 Christiani
1593 1602 1621 1642 se
1634 1587 1668 1641 ad
1683 1589 1858 1658 pugnandum
1872 1605 1968 1646 arma·

341 1676 427 1743 dixit3
448 1675 686 1747 lacieiisqueeum
711 1675 861 1746 planitiem.
891 1676 917 1730 iii
944 1693 997 1748 qua
1025 1679 1129 1735 intrare
1179 1671 1967 1748 tutti·EtcumietiusextuQuutuurTetupuiumiuimi-

340 1766 618 1840 eoeperat,dei·itare,
640 1781 702 1821 euni
727 1781 776 1836 per
795 1775 924 1821 montana
940 1766 1128 1824 deduxitoc-
1179 1774 1264 1829 uerus,
1290 1763 1458 1821 Codulrcdus
1484 1764 1687 1838 llerbipolerisis
1713 1771 1858 1840 episcopus
1888 1788 1967 1828 asse·

339 1861 459 1918 curritur
470 1861 497 1914 iri
511 1858 648 1914 montanis
663 1876 670 1912 ε
684 1858 822 1914 hincinde
834 1869 984 1930 pugnatum
1001 1861 1048 1917 sed
1064 1876 1126 1916 cum
1179 1870 1277 1909 seiaus
1292 1856 1435 1911 sevidisse
1453 1857 1562 1913 beatum
1589 1859 1736 1930 Georgium
1759 1869 1854 1916 coirtia
1870 1861 1966 1918 hostes

339 1953 442 2010 relictis
456 1952 574 2008 sarcinis
584 1960 611 2006 et
626 1949 776 2020 alimentis,
791 1949 848 2006 dur·
862 1951 997 2008 demente
1012 1953 1128 2008 uiriliter·
1178 1964 1229 2019 pto
1238 1949 1402 2005 Christianis
1424 1949 1529 2006 lortiter
1548 1962 1777 2023 propugnantem,
1794 1953 1896 2009 indicta
1913 1970 1965 2026 pri-

337 2045 533 2112 dcsceudisset,
547 2044 688 2101 descendit
699 2054 727 2100 et
743 2044 901 2116 imperator,
917 2047 964 2116 qui
980 2047 1127 2104 victoriose
1142 2035 1163 2090 Β
1177 2055 1239 2110 suu.
1252 2050 1279 2095 ct
1296 2043 1421 2097 carnium
1441 2044 1608 2100 edendarum
1633 2046 1696 2106 duta
1712 2046 1830 2113 licentia,
1852 2063 1966 2118 limetu-

339 2139 432 2194 bostes
457 2138 629 2209 impugnant,
654 2145 682 2192 et
706 2147 836 2208 superarit
860 2138 986 2195 inimicos
1002 2158 1009 2193 :
1026 2140 1053 2194 iii
1071 2156 1125 2211 qna
1148 2189 1154 2201 ,
1176 2141 1270 2186 seruus
1296 2132 1330 2187 ad
1356 2134 1468 2190 bellum.
1488 2134 1522 2190 Et
1542 2136 1598 2191 diiii
1620 2137 1732 2208 quidem
1755 2139 1895 2194 ciuitatem
1916 2154 1967 2196 ex·

338 2246 429 2303 pugna
443 2229 499 2285 dui
511 2238 587 2300 petra
609 2245 756 2298 percussus
774 2229 844 2286 duos
859 2230 954 2287 dentes
965 2232 1066 2287 amisit.
1083 2233 1125 2286 ub
1157 2237 1312 2306 'pugnans
1329 2239 1389 2279 eam
1406 2217 1522 2286 viriliter
1545 2227 1672 2292 obtinuit,
1687 2237 1715 2283 tt
1729 2227 1787 2284 sure
1808 2243 1905 2286 omues
1921 2245 1966 2285 rr.-

337 2322 403 2377 liiuc
412 2323 568 2377 ductoresa
582 2322 697 2377 soldano
710 2323 826 2392 delegati
844 2322 983 2393 ingerunt,
998 2325 1125 2381 tiuieutus
1176 2317 1260 2373 utiles
1276 2319 1386 2374 occidit.
1399 2317 1549 2390 iurperator
1563 2337 1672 2393 quoque
1688 2322 1744 2394 (56)
1757 2323 1843 2380 lilium
1856 2324 1965 2381 soldani

337 2430 372 2470 ire
396 2414 510 2471 deiecta
543 2414 648 2471 fraudis
676 2415 825 2485 imperator
849 2415 950 2471 laceret
978 2416 1123 2473 ultionem.
1175 2420 1237 2481 post
1250 2419 1324 2481 terga
1345 2421 1512 2482 pugnantem
1527 2413 1604 2480 vicit,
1621 2429 1653 2470 ac
1666 2428 1700 2469 er
1713 2414 1754 2471 eis
1773 2416 1964 2473 innumerabi-

335 2509 510 2564 Cbristiauus
524 2524 589 2564 vero
600 2509 736 2564 exercitus
752 2510 873 2565 confisus
889 2509 916 2563 iir
933 2507 1059 2575 llomiiro,
1076 2511 1124 2580 qui
1176 2504 1228 2560 itui
1239 2505 1442 2560 multitudinem
1462 2505 1608 2562 interiecit.

336 2603 450 2658 deduxit
460 2602 544 2658 lsrael
560 2617 608 2673 per
626 2603 776 2668 desertum,
795 2603 952 2673 quindecim
968 2602 1065 2658 diebus
1075 2618 1124 2673 per
1211 2595 1285 2652 Urbe
1304 2605 1382 2668 cudit
1396 2607 1531 2668 limentes,
1547 2599 1679 2656 ⁵⁰id³¹tttt
1694 2615 1723 2656 tt
1738 2601 1765 2656 itt
1780 2603 1964 2662 munitionen

335 2695 482 2764 quamdam
507 2695 645 2765 planitiem
668 2710 840 2765 progressus,
862 2710 971 2750 carnem
993 2694 1123 2765 equinam
1175 2689 1368 2757 fortissimam,
1383 2707 1444 2763 quae
1457 2703 1516 2747 erat
1534 2692 1561 2746 iu
1577 2690 1661 2762 Urbe,
1677 2694 1826 2764 recipieris,
1840 2698 1917 2753 misit
1929 2699 1965 2754 ad

335 2787 521 2841 comederunt.
549 2785 676 2855 agrestes
693 2801 756 2840 sero
771 2785 865 2852 Tusci,
881 2788 1029 2857 dequibus
1052 2801 1124 2856 pra·
1175 2784 1370 2854 imperatorem
1382 2784 1487 2853 diceus,
1508 2801 1538 2841 se
1551 2786 1619 2841 uelle
1633 2787 1723 2842 lorum
1740 2787 1815 2855 dare,
1836 2798 1864 2844 et
1880 2792 1964 2862 quid-

335 2878 467 2944 disimus,
483 2894 531 2933 eos
555 2880 628 2934 lame
646 2878 780 2934 deiecisse
796 2881 905 2950 penitus
919 2882 1122 2950 existimantes,
1174 2877 1240 2947 quid
1254 2877 1335 2933 uellet
1356 2879 1487 2948 recipere.
1514 2876 1665 2949 imperatur
1689 2879 1800 2935 obsides
1829 2882 1917 2952 petiit,
1936 2891 1965 2937 et

334 2988 432 3028 rursus
444 2973 471 3027 iu
488 2972 589 3027 bellum
604 2981 753 3043 assurgunt
776 2989 860 3044 prope
873 2974 1010 3031 civitatem
1022 2975 1123 3032 Pholo-
1174 2978 1285 3040 ptuuttt
1300 2969 1413 3025 lotorem
1435 2971 1599 3027 cadaverum
1614 2973 1702 3042 (eruut
1731 2973 1804 3029 cuitu
1823 2974 1923 3031 (lomus
1936 2985 1966 3032 et

334 3081 443 3120 menam
462 3081 560 3135 magua
580 3081 663 3121 mauu
686 3066 802 3121 militum
821 3067 977 3138 peditumve
999 3078 1120 3136 caterua,
1173 3065 1225 3119 iia.
1239 3064 1421 3119 cadaveribus
1442 3065 1539 3136 pieriae)
1554 3066 1589 3122 ab
1605 3064 1677 3122 Urbe
1692 3066 1901 3124 descendeusiu
1916 3083 1966 3140 po·

332 3174 406 3230 quos
438 3158 636 3215 invictissimus
666 3160 816 3229 imperator
845 3160 956 3217 devicit.
991 3160 1025 3216 Et
1057 3176 1120 3216 cum
1174 3153 1281 3210 moetiis
1295 3163 1506 3211 castrametatus
1519 3165 1571 3210 est.
1584 3154 1662 3212 Dedit
1675 3157 1766 3229 itaque
1776 3157 1965 3216 soldanusob·

331 3250 453 3307 maxima
473 3251 619 3307 multitudo
645 3267 674 3308 se
699 3252 726 3306 in
751 3252 868 3322 quadam
882 3253 1010 3308 clausura
1033 3255 1120 3310 coacti
1173 3247 1257 3312 sides.
1278 3246 1350 3301 titii!
1374 3255 1401 3302 et
1422 3246 1510 3301 i⁰tt¹¹u
1528 3256 1555 3302 tt
1581 3248 1708 3304 victualia
1733 3266 1878 3321 equorum·
1908 3249 1964 3307 Sed

333 3343 511 3416 recepissent,
528 3345 740 3400 combusserunt
755 3345 897 3401 Teutonici
914 3345 1072 3414 uiiiiersos;
1094 3356 1121 3403 et
1173 3340 1304 3413 quoniam
1318 3354 1404 3410 equos
1418 3340 1476 3410 ipse
1489 3339 1605 3394 nimium
1620 3356 1700 3397 caros
1720 3341 1837 3398 rendere
1854 3352 1964 3415 satage·

332 3449 435 3493 extunc
456 3447 577 3508 agrestes
592 3437 629 3491 illi
647 3436 832 3493 Turcomauiri
849 3454 903 3495 nou
918 3437 1030 3494 luerunt
1044 3456 1122 3495 eici·
1173 3433 1229 3499 bat,
1245 3446 1347 3502 eiiuurii
1363 3446 1412 3501 pro
1426 3439 1537 3486 centum
1551 3431 1673 3486 marchis
1694 3432 1821 3488 uidelicet
1844 3433 1964 3491 oli'ereu·

332 3531 417 3587 ciium
433 3531 549 3587 ulterius
563 3531 698 3600 persecuti
718 3531 787 3601 (55),
804 3530 856 3586 sed
878 3532 962 3586 aliern
977 3533 1022 3587 die
1036 3531 1121 3588 tiele.
1174 3535 1223 3589 tes,
1241 3542 1256 3580 a
1271 3524 1430 3581 Teutoiiicis
1448 3534 1560 3579 econtra
1577 3525 1670 3580 dolum
1693 3526 1757 3580 dolo
1778 3541 1964 3597 compensau-

332 3627 422 3682 ctiuus
436 3624 544 3682 soldani
559 3623 633 3680 lilius
654 3623 729 3679 seuit
744 3624 854 3679 obviam
870 3639 932 3679 cum
947 3626 1080 3691 exercitu,
1095 3633 1122 3682 et
1172 3621 1245 3676 tibus
1258 3637 1308 3691 pro
1321 3618 1435 3675 marotia
1456 3617 1603 3674 Ferrouem
1621 3620 1798 3690 recipiebant·
1818 3619 1899 3688 0⁰⁰⁶
1912 3637 1964 3678 ²¹¹·

332 3719 366 3773 ad
380 3718 572 3788 imperatorem
589 3718 664 3772 misit
686 3715 809 3780 nuutios,
824 3715 940 3771 diceus:
959 3714 1095 3772 Reuertere
1111 3733 1120 3771 :
1172 3712 1250 3767 diens
1265 3714 1406 3780 soldanus,
1420 3711 1496 3767 misit
1518 3712 1553 3766 ad
1570 3711 1761 3783 imperatorem
1776 3728 1962 3785 coitqueieus,

330 3810 395 3880 quid
410 3810 480 3864 eninr
494 3809 581 3878 [acere
596 3817 685 3879 putas,
710 3823 770 3862 cam
797 3806 908 3862 babeam
922 3807 1000 3878 plura
1022 3808 1121 3863 uexilla
1171 3808 1243 3878 quod
1259 3808 1300 3863 sui
1312 3811 1399 3878 pretio
1420 3807 1622 3877 deciperentur.
1643 3806 1693 3862 Cui
1719 3809 1861 3878 respoudit
1875 3808 1964 3880 impe·

329 3918 410 3973 quum
426 3912 454 3955 iu
472 3901 592 3955 militer?
606 3899 640 3954 Et
658 3916 720 3955 cum
741 3901 910 3971 peruenisset
923 3900 1072 3970 imperator
1084 3900 1120 3956 ad
1171 3911 1247 3956 rator
1259 3919 1266 3954 ι
1279 3899 1308 3955 Si
1320 3901 1414 3955 tonum
1424 3901 1616 3971 forumdareirt
1628 3901 1722 3955 borram
1734 3905 1881 3972 acciperent
1893 3920 1964 3958 niar-

330 3994 477 4064 quemdam
493 4001 603 4063 pontem
615 3990 699 4047 'lurci
713 3992 841 4064 lugerunt
853 4003 916 4048 airte
927 4002 956 4049 et
966 4005 1048 4049 retro.
1064 3994 1119 4050 Sed
1171 3993 1486 4050 cliam.Coustitutisunt
1497 3993 1721 4066 igituibincinde
1731 3994 1874 4063 justitiarii
1885 4006 1963 4052 taxa-

329 4088 386 4142 dux
401 4087 554 4142 anteriores
569 4086 680 4151 dei-icit,
700 4093 728 4141 et
744 4086 893 4156 imperator
907 4088 1074 4157 posteriores
1089 4088 1118 4142 iir
1170 4094 1255 4141 tores.
1271 4084 1312 4141 ud
1331 4087 1388 4141 baec
1417 4087 1570 4157 procedens
1593 4085 1769 4143 Christianus
1793 4089 1962 4146 euerritusa

329 4187 408 4251 parte
423 4179 543 4235 maxima
568 4177 718 4245 insederim
735 4187 763 4233 et
784 4178 825 4234 sic
847 4188 959 4250 pontem
981 4181 1119 4236 exercitus
1171 4175 1335 4247 quibusdam
1359 4176 1803 4248 agresribusturcomairnis.uui
1823 4185 1964 4238 norsum

329 4271 508 4344 pertransii-ii
530 4268 994 4328 universus.llemumuraiimaet
1012 4274 1117 4328 iiiliirita
1170 4268 1204 4324 de
1231 4277 1363 4339 potestate
1392 4270 1516 4334 soldani,
1546 4270 1647 4325 multas
1668 4270 1780 4339 pertulit
1807 4272 1962 4339 molestias,

329 4363 484 4421 'lurcorum
497 4363 643 4419 multitudo
657 4378 691 4418 ea
710 4363 785 4418 omni
803 4374 879 4434 parte
896 4364 1024 4420 circuunt
1039 4382 1118 4421 exeu-
1169 4378 1312 4434 quousque
1327 4363 1384 4433 (57)
1400 4363 1435 4417 ad
1453 4363 1590 4418 Armeniae
1616 4371 1747 4418 montana
1777 4365 1913 4433 pervenit.
1930 4364 1961 4422 lrr

330 4461 416 4517 citum
430 4448 662 4526 Christianorum,
688 4457 725 4512 ita
741 4458 814 4528 quod
830 4458 921 4513 eundo
939 4475 987 4530 pcr
999 4468 1118 4530 quatuor
1170 4457 1309 4512 montibus
1322 4466 1412 4512 autem
1434 4456 1571 4511 Armeniae
1585 4454 1696 4512 Graecos
1710 4467 1738 4512 et
1764 4455 1902 4514 Armenoc
1922 4459 1963 4513 iu·

365 4595 423 4670 (bl)
441 4594 530 4652 Codes
553 4593 670 4647 Bitensia
683 4608 693 4646 .·
708 4590 876 4662 luspiratus,
897 4601 945 4648 aut
964 4594 1028 4664 quia
1048 4595 1118 4651 torte
1170 4595 1316 4653 saladinus
1328 4611 1390 4650 cum
1405 4604 1479 4651 tauta
1491 4610 1603 4652 suorum
1625 4594 1800 4652 multitudine
1813 4603 1922 4651 montes
1934 4604 1962 4651 et

329 4669 357 4724 in
369 4678 526 4724 nostrorum
544 4679 643 4720 marrus
665 4663 806 4730 iricideiai,
827 4673 900 4719 metu
916 4668 1013 4721 uiuitis
1032 4668 1118 4737 irripe·
1169 4668 1253 4724 collos
1270 4675 1297 4721 et
1311 4666 1450 4736 planitiem
1460 4667 1629 4738 operientes.
1651 4675 1753 4736 quauta
1768 4679 1905 4734 irrisoriam
1921 4667 1962 4722 si-

330 4748 449 4794 ratorem
463 4739 539 4804 adiit,
553 4745 606 4791 etc.
1133 4739 1226 4800 Dinul
1245 4737 1365 4792 creditur
1390 4738 1559 4808 apparuisse,
1579 4736 1749 4793 Cirristiauos
1775 4744 1903 4806 potenter·
1918 4737 1961 4792 in·

365 4809 421 4881 (55)
433 4807 523 4864 Codes
538 4807 656 4862 Eirenaia
674 4822 683 4861 .·
699 4802 752 4858 Sed
771 4803 929 4860 delecciuiit
944 4825 959 4862 a
975 4805 1043 4864 lacic
1066 4810 1118 4862 iiir-
1169 4810 1249 4875 rasit,
1261 4823 1374 4879 speraris
1390 4810 1482 4863 oiiiuia
1494 4808 1611 4863 teritoria
1625 4824 1769 4879 usurpare,
1784 4816 1811 4861 et
1821 4806 1961 4863 Cliristia-

329 4880 466 4951 peratoris
481 4881 553 4934 sicut
565 4879 665 4948 pulsis,
688 4890 769 4946 quem
786 4877 896 4946 projicit
911 4888 1008 4934 scutris
1020 4896 1035 4934 a
1049 4880 1118 4935 lucie
1169 4896 1221 4937 uos
1232 4881 1349 4936 miseros
1370 4879 1518 4950 captivare.
1540 4878 1593 4934 Sed
1609 4879 1720 4935 evanuit
1743 4877 1873 4949 cogitatio
1884 4879 1959 4949 ejus,

328 4944 903 5010 seriatnirouoirrinittuu‚tteuctrniris
923 4949 1118 5006 soldariiliiirrs
1169 4953 1232 5023 quia
1247 4950 1396 5005 Christiani
1423 4950 1538 5005 uiriliter
1566 4949 1736 5017 resistentes,
1761 4951 1785 5004 ei
1815 4947 1960 5006 laesioneru

330 5021 404 5076 seuit
420 5019 529 5074 obuiam
544 5035 606 5075 curri
628 5017 749 5075 exercitu
770 5019 980 5088 quiirgoiituruiii
1000 5021 1117 5077 iriilliuiii
1169 5036 1299 5092 maguam
1315 5037 1362 5091 per
1375 5020 1488 5077 balistas
1506 5036 1562 5076 iroir
1583 5021 1718 5076 mudieaiu
1734 5019 1895 5075 intulerunt.
1910 5017 1962 5075 Ce-

328 5106 474 5162 equorum,
488 5089 572 5156 etad,
586 5100 639 5144 etc.
1168 5093 1234 5150 deus
1250 5093 1342 5162 itaque
1353 5089 1499 5147 Saladiirus
1512 5106 1640 5162 maguam
1655 5091 1793 5146 exereitus
1806 5099 1912 5161 partem
1924 5089 1961 5146 ad

364 5162 421 5234 (aa)
435 5160 524 5217 Codex
540 5160 680 5214 distensis:
695 5160 722 5214 lii
741 5159 826 5214 lilium
849 5161 955 5217 soldani
969 5171 1029 5233 past
1041 5173 1116 5234 terga
1168 5165 1350 5220 resistendum
1366 5162 1693 5232 irriperatoritrausmisit.
1707 5160 1771 5224 Sed,
1786 5161 1849 5215 lieul
1863 5160 1961 5230 paucis

347 5240 494 5304 ugnauteui
511 5232 638 5287 victrices
648 5232 755 5302 aquilas
766 5232 897 5303 dirigeris,
913 5234 1040 5304 pradicta
1052 5238 1116 5289 irrit-
1167 5235 1265 5291 diebus
1278 5234 1390 5302 elapsis,
1405 5245 1432 5289 ct
1444 5249 1518 5289 mors
1537 5233 1714 5304 imperatoris
1728 5232 1858 5297 innotuit,
1871 5239 1899 5286 et
1914 5246 1961 5286 ru·

328 5250 364 5359 ia
376 5302 531 5359 Tuscorum
545 5315 572 5356 ci
587 5299 844 5357 Tuscoiuauuoiuiu
871 5306 1117 5370 exterminavimus
1168 5321 1229 5361 mor
1241 5305 1436 5374 super-seuleus
1446 5305 1480 5360 de
1499 5313 1588 5360 morte
1600 5301 1684 5359 Siculi
1710 5305 1782 5374 regis
1805 5300 1960 5358 exercitum

326 5390 359 5432 cs
372 5375 422 5443 eis,
435 5384 488 5429 etc.
1166 5376 1353 5432 Christianum
1381 5375 1529 5445 plurimum
1544 5373 1728 5430 conturbavit.
1755 5373 1793 5430 ue
1816 5371 1959 5429 montibus

364 5447 420 5517 (lli)
435 5444 524 5501 Codes
542 5442 660 5501 druensis
682 5442 860 5516 :²Quousque
880 5445 914 5500 ad
942 5445 1115 5502 Laureudam
1167 5446 1314 5518 imperator
1328 5446 1506 5514 descendeus,
1523 5444 1765 5518 Saleplryduiium
1779 5450 1890 5516 reperit,
1908 5457 1960 5514 pcr

326 5518 475 5583 civitatem,
490 5532 551 5586 qua
564 5516 660 5572 diiidit
674 5517 831 5571 biiiioiriani
845 5533 860 5571 a
876 5515 1023 5588 Lycaonia,
1039 5526 1066 5572 et
1079 5520 1113 5572 ad
1166 5521 1246 5588 cujus
1261 5519 1347 5587 ripam
1365 5516 1474 5572 duobus
1494 5516 1591 5573 diebus
1609 5530 1784 5587 progressus,
1801 5514 1882 5573 tertia
1896 5514 1960 5570 lusa

325 5587 463 5644 Aimeuias
478 5597 606 5643 montana
629 5589 762 5657 persenit,
788 5588 834 5642 ulii
861 5588 951 5644 noetis
962 5589 1115 5644 conticinio
1166 5589 1294 5659 pausavit
1305 5589 1333 5643 in
1346 5587 1414 5644 locis
1427 5587 1555 5643 ainoenis.

326 5658 439 5715 auditur
450 5673 484 5713 ex
501 5659 650 5729 improviso
665 5674 805 5714 armorum
821 5660 952 5728 strepitus
962 5670 990 5714 et
1012 5659 1116 5714 turriul-
1277 5681 1315 5735 ῃ,
1329 5692 1413 5737 mom
1425 5681 1593 5753 ,mmmm
1611 5680 1748 5738 guam„-
1761 5681 1854 5753 pm

326 5737 372 5786 tus
389 5729 458 5800 :qui
476 5744 537 5784 cum
563 5730 656 5784 riullus
676 5729 782 5796 luisset,
809 5730 872 5785 inde
895 5729 1115 5800 conjecturarum

326 5807 370 5856 est
382 5801 466 5856 ricini
480 5800 625 5870 augurium
648 5799 803 5856 infortunii.
817 5797 847 5856 lu
868 5801 1008 5858 montibus
1022 5809 1114 5855 auteiu
1200 5796 1308 5853 Etcum
1324 5808 1398 5853 esset
1409 5806 1494 5854 tostus
1504 5812 1622 5869 magnus
1635 5798 1726 5868 valde,
1743 5797 1895 5870 imperator
1907 5795 1960 5853 de·

325 5871 462 5926 menia
474 5870 584 5927 diacos
598 5881 625 5927 et
637 5871 772 5926 Armeniis
792 5871 896 5927 iirseuit
908 5871 998 5927 lorum
1013 5872 1114 5926 aiacri—
1167 5870 1273 5925 seeiidit
1285 5870 1311 5926 iu
1327 5868 1429 5924 liuiuerr
1441 5884 1504 5924 euru
1518 5869 1627 5926 duobus
1639 5871 1784 5935 militibus,
1798 5883 1828 5924 se
1841 5866 1959 5939 cupiens

326 5947 369 5995 ter
381 5941 551 5998 exhibentes.
569 5939 638 5997 Cum
652 5942 685 5998 ad
699 5956 781 5998 aures
796 5941 919 5999 Saladiiri
932 5943 975 5997 ba
993 5941 1115 5998 uictoria
1166 5940 1308 5996 balneare.
1333 5938 1458 6011 Cumque
1480 5949 1575 5996 natare
1601 5941 1731 6014 cepisset
1758 5939 1915 6021 impingens
1928 5938 1959 5993 iri

327 6011 527 6082 peruenissent,
555 6013 681 6084 sapasim
704 6020 731 6069 et
750 6012 794 6074 die
822 6010 924 6072 sior-ro
936 6011 1114 6072 Pentecosten
1167 6011 1311 6084 scopulum
1324 6017 1446 6070 nataudo
1456 6012 1550 6090 ⁸ritaiu
1565 6013 1668 6069 amisis.
1682 6011 1715 6101 A·
1725 6010 1861 6083 militibus
1873 6009 1959 6083 igitar
