4350 6709
350 546 404 604 bii
862 541 967 600 estut
986 539 1110 600 tutis
1126 542 1266 623 Cbellbll
1283 542 1437 603 bonactus
1918 552 1975 612 dio

349 661 423 718 viam
442 674 504 729 quae
514 657 630 714 ducebat
648 655 815 711 Cabaretum
834 653 1022 728 perdiderunt,
1037 653 1138 712 etdiu·
1150 659 1176 718 A
1188 656 1278 712 minas
1299 657 1427 728 precibus
1441 656 1601 728 adjicientes
1620 677 1628 715 a
1646 659 1694 717 sed
1708 674 1770 717 cum
1784 663 1906 732 peruersi
1921 676 1976 721 no·

349 753 406 809 tius
421 750 560 807 deviantes
590 747 733 819 periuria
761 748 795 803 ad
821 745 996 816 sepedictum
1013 753 1135 803 castrum
1187 747 1276 828 mines
1297 749 1402 821 etjam
1433 751 1599 820 vacillantes,
1629 752 1754 808 nolentes
1789 768 1838 810 eos
1864 755 1975 824 auditu,

348 843 475 903 cabareti
501 841 643 913 pervenire
656 839 861 910 ,nequiverunt3
887 839 982 910 sicque
998 848 1060 910 post
1073 839 1137 895 lou·
1185 839 1347 898 etiamtunc
1367 841 1534 899 Aimericunt
1552 844 1695 901 dominum
1710 841 1848 902 Narbonae
1858 856 1886 903 et
1898 846 1981 910 cites

348 953 397 1011 pas
411 934 569 1004 vagationes
590 932 625 988 ad
638 941 739 1000 castra,
755 932 828 988 unde
844 932 976 1001 exierant,
1001 941 1067 987 suut
1088 946 1135 989 re-
1184 930 1376 990 Narbonenses
1389 933 1524 1002 adierunt,
1539 943 1666 1008 rogantes
1681 944 1710 993 et
1727 946 1883 1009 mouentes,
1898 946 1931 994 tat
1941 939 1978 997 td

346 1026 430 1085 versi.
451 1024 556 1080 interea
573 1023 641 1094 erigi
660 1021 725 1080 lecit
738 1038 831 1080 comes
857 1022 963 1079 Tolosae
978 1022 1134 1079 machinam
1183 1024 1370 1096 adiuvandum
1395 1026 1524 1083 comitem
1554 1026 1741 1086 festinarent:
1767 1031 1978 1100 responderunt

346 1133 408 1189 qnae
422 1118 523 1173 dieitur
545 1115 743 1187 mangonellus,
766 1115 902 1186 conisque
914 1115 1006 1186 jacere
1021 1129 1136 1187 mango-
1181 1117 1256 1186 cives
1270 1115 1460 1176 Narbonenses
1484 1128 1511 1175 et
1520 1119 1651 1176 dixerunt
1669 1119 1845 1190 marescallo,
1861 1122 1976 1193 quodsi

346 1206 436 1263 uellus
450 1207 478 1262 in
492 1217 625 1276 castrum,
642 1208 690 1263 sed
705 1205 794 1263 obluit
808 1205 910 1263 nostris
923 1207 951 1262 in
967 1205 1075 1264 modico
1085 1215 1135 1264 aut
1186 1208 1343 1266 tinniens
1359 1210 1488 1267 dominus
1500 1225 1595 1267 eorum
1619 1210 1671 1267 iret
1683 1226 1746 1268 cunr
1759 1212 1811 1280 cis,
1838 1212 1892 1284 ipsi
1908 1228 1975 1270 eum

345 1297 375 1354 lu
387 1299 474 1355 nullo.
494 1296 561 1355 Post
579 1300 684 1370 aliquot
696 1307 787 1354 autem
804 1297 865 1353 dies
880 1298 972 1369 parari
996 1297 1061 1354 lecit
1079 1312 1133 1355 co·
1184 1309 1373 1373 sequerentur,
1396 1302 1454 1372 ipse
1467 1317 1533 1359 vero
1546 1303 1703 1360 nullomodo
1720 1313 1814 1376 utpote
1836 1306 1879 1361 rir
1901 1307 1977 1363 auul-

345 1407 406 1447 nres
420 1390 574 1448 Tolosauus
588 1391 744 1447 machinam
766 1391 915 1461 quamdam
934 1392 1010 1447 mirae
1027 1391 1135 1463 magui-
1184 1399 1242 1449 tum
1257 1392 1460 1463 argutissimus,
1484 1393 1574 1463 potuit
1596 1394 1630 1449 ad
1655 1396 1707 1450 boe
1732 1393 1834 1452 induci.
1863 1395 1976 1454 Excuu·

345 1483 461 1552 tudinis,
487 1484 522 1539 ad
549 1482 712 1540 diruendum
739 1497 848 1537 murum
870 1481 971 1550 castri;
993 1482 1134 1552 iaciebau·
1182 1489 1224 1538 tes
1238 1492 1328 1539 autem
1344 1483 1410 1539 dicti
1434 1483 1534 1541 milites
1560 1486 1676 1544 nostris
1701 1485 1841 1558 Narbona,
1856 1489 1891 1545 de
1918 1499 1975 1546 tana

311 1556 313 1561 ,
344 1586 493 1634 iurantem
509 1576 537 1630 in
554 1576 680 1631 machina
703 1574 750 1630 illa
762 1575 873 1630 maximi
886 1575 1000 1645 lapides,
1011 1584 1039 1631 ct
1050 1575 1133 1646 qnid·
1182 1573 1315 1644 populosa
1340 1575 1461 1644 diritate,
1486 1576 1531 1631 vix
1549 1584 1683 1634 trecentos
1706 1579 1832 1636 homines
1846 1590 1977 1639 entrare·

344 1671 411 1742 quid
433 1669 590 1740 contingere
604 1676 730 1739 poterant
741 1668 896 1724 diruebant.
920 1668 989 1723 Cum
1000 1667 1134 1738 jecissent
1182 1673 1257 1733 runt,
1279 1673 1306 1720 et
1318 1682 1382 1723 cum
1396 1667 1534 1724 venisseut
1550 1668 1760 1739 Carcassonam,
1775 1672 1809 1728 de
1823 1682 1879 1730 tota
1899 1684 1974 1732 terra

318 1798 324 1816 .
343 1772 436 1820 autent
450 1763 545 1817 lrnstes
569 1760 596 1815 in
611 1761 739 1817 macbina
760 1759 872 1830 prelata
886 1776 935 1831 per
949 1759 1131 1825 multosdies,
1181 1751 1228 1809 illo
1243 1768 1298 1809 non
1311 1764 1459 1827 potuerunt
1470 1757 1570 1813 babere
1588 1759 1713 1816 homiues
1726 1762 1870 1833 plusquam
1889 1765 1975 1837 quin-

319 1844 324 1867 ’
343 1857 460 1914 accessit
478 1855 514 1911 ad
539 1844 666 1911 comitem
683 1852 791 1910 Tolosae
805 1854 916 1925 quidam
938 1868 1005 1910 suus
1023 1853 1132 1922 incula·
1183 1853 1280 1918 8⁰¹¹&ss
1297 1863 1309 1901 ὃ
1329 1861 1399 1917 ‘luos
1426 1862 1508 1903 ⁶⁰¹&
1520 1847 1620 1904 ’'0¹10'st
1644 1850 1744 1906 duwe
1765 1852 1811 1925 id,
1828 1854 1973 1920 θθῐθῑῑθω,

326 1946 509 2006 ,ιοιειᾱιιιι
528 1945 576 2001 ei:
594 1963 604 1997 ι
623 1943 660 2000 tlt
682 1945 749 2017 quid
776 1946 803 2002 tn
827 1946 954 2002 maenius
977 1945 1024 2002 itta
1049 1952 1129 2002 toret
1183 1935 1223 1991 itu
1254 1938 1412 1995 nullomodo
1436 1939 1597 2010 votuerunt,
1620 1943 1669 1999 sed
1696 1959 1792 2001 onnes
1814 1947 1909 2002 statim
1939 1949 1974 2005 ad

327 2048 419 2107 ,tauta
443 2037 608 2111 expenditis,
636 2045 666 2092 ut
680 2037 853 2108 quidmuros
877 2035 960 2092 castri
973 2035 1058 2106 hujus
1080 2005 1168 2091 de·B
1181 2030 1291 2100 propria
1316 2029 1484 2102 refugerunt.
1522 2029 1628 2089 interca
1654 2035 1854 2105 perfidissimus
1878 2053 1973 2096 eomes

341 2140 449 2189 sunere
463 2130 598 2202 satagitis,
621 2143 714 2185 nonne
738 2128 836 2186 videtis
851 2128 976 2201 quotidie
992 2128 1067 2199 qnod
1081 2143 1131 2185 us·
1180 2123 1261 2189 Furi,
1287 2123 1426 2195 quoddam
1446 2132 1569 2181 castrum
1600 2129 1750 2197 quoderat
1774 2127 1914 2187 Bncbardi
1939 2132 1974 2188 de

341 2239 396 2297 que
415 2224 451 2282 ad
464 2224 581 2280 tenuria
609 2232 703 2280 nostra
723 2223 841 2279 ueniunt
868 2223 961 2280 bostes
984 2221 1083 2290 nostri,
1103 2229 1133 2279 et
1180 2216 1310 2273 Morlitoo
1336 2230 1421 2288 prono
1440 2215 1671 2275 Castrumnovum
1697 2235 1713 2275 a
1740 2230 1817 2292 parto
1844 2223 1974 2281 orientali

340 2318 418 2378 exire
432 2333 487 2375 non
502 2317 629 2374 audetisi
651 2318 731 2374 Certe
752 2314 888 2374 deberetis
906 2316 976 2374 velle
987 2314 1063 2389 quod
1075 2315 1132 2372 ier·
1179 2325 1277 2367 uersus
1302 2308 1513 2376 carcassonam,
1530 2312 1603 2383 quod
1620 2312 1649 2368 S.
1670 2311 1804 2370 llartinus
1821 2314 1935 2385 dicitur,
1946 2326 1975 2375 st

340 2426 407 2468 nus
432 2419 507 2467 esset
523 2423 631 2478 murus,
656 2420 687 2466 ut
707 2409 742 2465 ad
771 2424 823 2466 nos
841 2409 971 2466 accedere
986 2423 1040 2464 non
1055 2407 1131 2464 vale·
1180 2402 1314 2477 quasdam
1329 2401 1398 2458 alias
1415 2401 1582 2459 munitiones
1603 2403 1762 2462 incircuitu
1788 2416 1975 2476 occupaverat

333 2478 412 2558 'reru
431 2499 640 2572 »contingebat
653 2499 789 2572 siquidem
802 2498 830 2555 in
847 2499 893 2556 illa
908 2497 1051 2555 obsidione
1060 2513 1132 2569 prae·
1179 2503 1208 2551 et
1218 2493 1355 2551 munierat
1371 2503 1466 2550 contra
1485 2503 1605 2552 nostros.
1629 2493 1728 2554 Comes
1751 2505 1844 2554 antem
1857 2497 1975 2556 manda·

339 2602 384 2651 ter
410 2593 524 2650 solitum
546 2608 591 2650 res
620 2592 772 2662 mirabilis;
797 2593 872 2664 quia,
894 2608 957 2648 cum
975 2590 1131 2650 obsidentes
1179 2593 1257 2643 verat
1280 2584 1423 2642 buchardo
1449 2586 1483 2642 de
1514 2585 1643 2643 llarliaco
1667 2596 1696 2643 et
1716 2587 1833 2646 llartino
1860 2585 1971 2662 dignis,

339 2687 470 2745 obsessos
494 2687 601 2744 soleant
628 2687 799 2758 impugnare,
823 2685 931 2743 obsessi
956 2683 1044 2741 nostri
1067 2684 1131 2757 iure
1179 2677 1227 2748 qni
1252 2685 1331 2732 erant
1347 2691 1408 2732 cunr
1430 2677 1574 2734 ‚comitissa
1594 2678 1665 2749 apud
1688 2677 1823 2749 laurum,
1843 2689 1874 2736 ut
1892 2680 1974 2737 reni-

339 2779 492 2849 eontrario,
519 2794 585 2836 suos
617 2778 786 2850 impetebant
802 2778 927 2835 erebrius
951 2778 1129 2846 obsessorem
1179 2781 1241 2830 rent
1264 2772 1298 2828 ad
1317 2771 1559 2830 castrumnovum.
1583 2773 1636 2830 istc
1655 2773 1788 2830 llaru'nus
1810 2773 1893 2831 miles
1913 2783 1975 2831 erat

338 2872 426 2932 nostri
439 2882 569 2944 praeterea
582 2871 756 2928 adversarios
769 2870 930 2929 deridebant
953 2872 982 2928 in
997 2874 1129 2929 baeeser-
1178 2862 1335 2936 Hispanus,
1364 2863 1501 2936 quondam
1519 2879 1553 2921 ex
1580 2867 1699 2934 nostris;
1723 2867 1771 2923 sed
1797 2881 1881 2937 quatu
1908 2883 1975 2941 pes-

337 2966 396 3023 ba:
419 2964 503 3021 «Cur
530 2964 559 3019 in
585 2963 712 3021 macbina
731 2971 824 3020 vestra
848 2973 876 3020 et
897 2972 973 3020 tanta
987 2973 1014 3021 et
1028 2972 1130 3029 totes-
1178 2958 1248 3016 sime
1276 2966 1370 3032 postea
1392 2973 1422 3016 se
1452 2957 1549 3016 babuit
1576 2958 1605 3015 iu
1630 2960 1809 3032 sequentibus
1838 2963 1975 3020 ostende·

337 3060 469 3135 penditis,
489 3060 518 3114 in
539 3057 673 3114 diruendo
700 3057 805 3115 diutius
831 3057 986 3115 laboratisi
1019 3057 1129 3115 Credite
1177 3058 1234 3108 lur-

338 3153 437 3221 nobis;
456 3168 508 3208 nos
523 3150 558 3207 ab
573 3165 693 3222 expensa
704 3150 783 3207 vobis
807 3166 962 3223 parcemus,
978 3165 1030 3208 nos
1045 3166 1129 3223 expe·
1458 3140 1573 3200 CAPUT
1590 3141 1671 3201 [Vll-

337 3247 447 3304 ¹¹3⁸¹¹¹¹¹⁸
465 3259 546 3302 ΝΗ
561 3245 664 3312 ¹²b⁰¹⁸r
686 3245 782 3317 Vltimi
810 3244 984 3302 ⁸⁰¹¹¹⁰¹¹¹¹0d⁰
999 3252 1128 3303 ¹¹¹²l⁰¹¹⁸⁸
1176 3260 1312 3318 Acerrime
1329 3258 1464 3329 condictu,
1488 3257 1639 3331 illustrique
1659 3260 1974 3330 uictoria,erueetipnstl

337 3337 418 3396 nobis
432 3339 535 3395 datast
555 3354 606 3394 nos
620 3338 708 3409 ipsius
735 3339 807 3395 muri
829 3348 939 3396 centum
962 3340 1071 3397 cubitos
1096 3340 1162 3432 inc
1217 3330 1287 3386 Fosi
1320 3331 1442 3386 sontllettt
1468 3329 1503 3384 od
1528 3347 1615 3385 arcem
1643 3328 1737 3386 Sancti
1769 3330 1882 3387 Martini
1907 3348 1975 3403 pro·

336 3427 508 3503 longitudine
530 3428 655 3487 funditus
670 3429 820 3500 diruentes,
837 3438 918 3487 terrae
934 3430 1069 3490 iaciemus
1078 3432 1128 3488 ad·
1213 3403 1320 3474 lum·

336 3522 452 3594 equari,
470 3523 507 3579 ita
521 3532 552 3578 nt
566 3521 589 3579 si
600 3522 660 3580 ausi
670 3521 787 3591 fueritis,
802 3525 987 3582 nonobstante
1000 3542 1081 3585 muro
1093 3527 1128 3585 ad
1213 3515 1279 3572 Erat
1296 3524 1388 3571 autent
1408 3528 1471 3570 cnm
1499 3513 1600 3570 comite
1627 3523 1724 3572 nostro
1751 3515 1831 3573 miles
1852 3517 1970 3590 quidam

336 3629 390 3673 nos
414 3615 500 3672 libore
521 3616 683 3674 transeatis.
702 3614 752 3672 ιθ
766 3616 856 3675 virtus
877 3618 982 3676 animil
1001 3619 1128 3678 olottis·
1177 3607 1405 3668 Corfflswssssllssit
1418 3606 1452 3664 ⁶0
1476 3604 1567 3663 ⁵¹⁰ssoe
1585 3607 1669 3680 ¹08³st
1688 3607 1850 3667 Goillolmoo
1864 3626 1972 3684 couno-

337 3708 438 3766 simutn
451 3708 536 3764 robur
550 3709 667 3764 mentisl
1177 3704 1250 3760 mine
1270 3702 1364 3769 Catus,
1386 3699 1432 3757 cui
1457 3698 1586 3756 dominus
1608 3714 1700 3755 comes
1718 3707 1819 3757 terram
1841 3699 1970 3773 dederat,

373 3798 561 3871 Die-quadam
576 3799 671 3856 exiens
689 3813 890 3860 commosset
908 3819 924 3860 q
943 3812 1047 3871 miro,
1063 3813 1126 3860 ten.
1176 3795 1322 3868 ipsumque
1342 3793 1456 3851 militent
1471 3794 1584 3862 lecerat,
1598 3809 1679 3865 quelli
1703 3795 1730 3849 iti
1751 3805 1825 3851 muta
1849 3795 1971 3853 santilia-

336 3887 418 3945 debat
433 3898 464 3944 ut
479 3889 646 3947 discinderet
674 3892 832 3948 machinam
851 3895 1054 3965 supradictam
1075 3894 1126 3951 ad·
1177 3893 1258 3948 ritate
1282 3892 1411 3959 babebat,
1439 3890 1512 3961 quod
1530 3889 1615 3946 liliam
1639 3890 1726 3960 ipsius
1745 3891 1857 3947 comitis
1876 3892 1970 3952 dictus

336 3981 452 4038 versarii
469 3990 559 4038 autent
585 3991 627 4039 tot
649 3983 723 4040 circa
737 3985 892 4041 machinam
908 3987 981 4042 illam
1005 3986 1128 4044 lecerunt
1176 3984 1338 4041 Gnillelrnus
1357 3986 1492 4040 levaverat
1511 3985 1545 4040 de
1557 3999 1637 4040 sacro
1653 3983 1740 4052 iontc;
1764 3999 1857 4041 comcs
1880 3987 1970 4058 siqui·

336 4072 467 4144 repagula
478 4071 645 4144 fossataque,
657 4075 731 4145 quod
746 4075 835 4131 nostri
848 4076 882 4132 ad
894 4091 955 4132 eam
969 4079 1126 4149 pertingere
1176 4081 1238 4138 dem
1256 4091 1283 4138 et
1308 4081 1448 4138 comitissa
1466 4087 1494 4136 et
1520 4095 1617 4137 omnes
1646 4080 1735 4136 nostri
1749 4080 1782 4136 de
1796 4081 1858 4151 ipso
1885 4098 1969 4153 snper

336 4165 546 4235 nequiverunt:
568 4167 612 4221 vir
625 4175 716 4222 autom
740 4165 919 4235 fortissimus,
947 4170 1126 4226 comesvide-
1176 4189 1271 4230 omnes
1286 4172 1427 4245 indigenas
1446 4171 1632 4239 confidebant,
1654 4172 1723 4229 adeo
1743 4173 1816 4244 quod
1834 4173 1969 4232 dominus

335 4253 400 4313 licet
409 4263 513 4324 noster,
525 4254 622 4312 sedens
634 4256 661 4311 iu
673 4271 756 4327 equo,
769 4256 903 4315 fossatum
916 4259 1053 4330 quoddam
1066 4275 1126 4315 atn-
1175 4282 1269 4325 eomes
1292 4267 1434 4339 proprium
1455 4281 1537 4323 suum
1558 4264 1769 4338 primogenitum
1784 4265 1838 4336 ipsi
1850 4267 1969 4325 tradidit

335 4347 491 4421 piissimum
504 4356 532 4403 et
542 4346 709 4419 protundum
723 4350 840 4407 transire
863 4351 959 4419 uoluit,
975 4360 1003 4407 et
1016 4351 1044 4406 in
1059 4366 1126 4408 suns
1175 4360 1322 4431 aliquando
1353 4361 1574 4419 cumulandum.
1605 4360 1719 4417 bliserat
1749 4368 1841 4416 autem
1870 4373 1967 4419 comes

336 4441 441 4500 irruere
457 4441 590 4497 audacius
608 4441 747 4499 inimicos.
774 4440 853 4510 Quod
868 4442 992 4499 videntes
1008 4441 1123 4515 quidam
1175 4449 1375 4508 aCastronovo
1390 4452 1424 4508 ad
1452 4450 1648 4508 Fanumdovis
1663 4459 1693 4507 ut
1717 4451 1842 4507 bomines
1856 4451 1892 4507 de
1915 4467 1966 4508 ca-

334 4531 371 4589 de
392 4531 504 4600 uostris,
519 4531 724 4604 discrimenque
736 4533 893 4590 inevitabile
904 4534 928 4591 ai
943 4550 1036 4592 conres
1048 4534 1124 4592 istud
1176 4542 1241 4603 saris
1259 4543 1357 4600 vicinis
1373 4542 1399 4600 in
1415 4544 1548 4600 auxilium
1569 4545 1678 4600 comitis
1694 4543 1841 4599 adduceret
1856 4543 1892 4599 ad
1910 4542 1975 4601 Ca·'

334 4623 440 4682 luceret
463 4625 645 4690 attendentes,
661 4625 825 4696 arripientes
839 4627 928 4698 ipsurn
942 4643 990 4699 per
1002 4627 1122 4696 frenum,
1176 4645 1387 4703 aerumnosum
1404 4635 1452 4693 sed
1480 4636 1531 4692 iste
1547 4635 1623 4692 omni
1649 4635 1727 4692 1105oe
1747 4635 1878 4701 decorior,
1903 4650 1967 4692 qm.

333 4725 482 4774 tenuemus
497 4733 532 4774 ne
546 4732 576 4775 se
595 4717 677 4774 morti
697 4727 845 4790 exponeret
871 4720 1024 4777 imminenti
1043 4739 1051 4778 ι
1067 4736 1123 4793 quo
1138 4715 1161 4771 D
1175 4729 1252 4785 trium
1264 4729 1400 4800 pessimus
1421 4727 1594 4794 traditorum,
1611 4728 1736 4800 ingratus
1747 4727 1899 4797 benellciis,
1914 4729 1966 4785 ob·

334 4807 418 4876 laeto,
435 4825 531 4866 ornnes
549 4811 648 4878 nostri,
667 4811 744 4867 nullo
760 4811 866 4869 dennis
891 4814 1005 4882 amisso,
1019 4814 1054 4869 ad
1076 4831 1123 4871 ca·
1173 4820 1239 4877 litus
1261 4821 1374 4888 amoris,
1400 4819 1543 4877 associatis
1570 4819 1623 4875 sibi
1650 4819 1791 4890 aliquibus
1815 4819 1965 4892 indigenis,

333 4911 422 4962 slrtttu
444 4902 594 4967 redierunt,
619 4902 744 4974 pluribus
756 4901 790 4959 de
814 4904 980 4960 adversariis
1006 4904 1123 4962 interie-
1173 4913 1233 4982 pari
1256 4910 1427 4969 crudelitatis
1441 4911 1596 4978 allectum
1612 4920 1716 4967 tantam
1738 4911 1892 4983 nequitiam
1912 4928 1967 4984 pa·

332 4992 396 5053 ulls.
418 4990 511 5050 Rebus
529 4993 569 5049 sie
584 5009 614 5049 se
634 4993 808 5063 habentibus,
834 4996 909 5051 misit
922 5011 1014 5052 manes
1028 5007 1123 5054 noster
1172 5003 1240 5060 riter
1254 5013 1453 5061 consenserunt
1477 5013 1507 5060 ut
1534 5005 1728 5062 marescallum
1748 5004 1911 5076 praedictum
1936 5018 1965 5064 et

331 5084 522 5145 fflreooollflm
548 5100 628 5140 tuum
653 5084 805 5142 Gnidoncm
824 5089 857 5144 do
872 5087 963 5154 bolis,
985 5088 1075 5144 lirum
1090 5090 1123 5144 ss·
1172 5099 1264 5156 socios
1286 5099 1346 5170 eius
1368 5100 1514 5156 redeuutes
1538 5115 1555 5156 a
1588 5099 1759 5156 Carcassona
1783 5110 1917 5171 caperent
1939 5114 1966 5159 et

330 5178 419 5237 dulim
434 5185 462 5234 el
482 5178 568 5232 ³mess
587 5186 744 5245 Strenuum»
760 5187 792 5234 ¹¹¹
806 5179 1037 5237 &Fano-loliis!
1053 5182 1123 5237 Cor·
1170 5192 1310 5247 traderent
1323 5191 1351 5247 in
1378 5207 1476 5248 manos
1497 5193 1606 5249 comitis
1627 5191 1774 5249 Forensis.
1798 5180 1976 5266 0iniquutn‘

328 5285 454 5328 tattone
479 5267 581 5325 focem
600 5269 729 5325 tielffllio
753 5270 852 5328 deferri
866 5272 900 5327 δᾶ
915 5273 1054 5340 comitem,
1070 5274 1121 5330 bo-
1170 5282 1334 5354 proditionis
1354 5284 1460 5355 perusi
1483 5298 1500 5339 o
1526 5285 1612 5356 pestis
1630 5284 1729 5339 durni
1746 5299 1763 5340 o
1790 5283 1964 5341 crudelitatis

328 5363 451 5420 minibus
470 5362 555 5418 etiam
577 5359 844 5419 Carcassonensibue
863 5373 891 5420 et
917 5362 1120 5422 biterrensibus
1171 5374 1335 5431 artificium!
1351 5390 1368 5431 o
1382 5375 1539 5432 adinventio
1554 5376 1710 5433 diabolica!
1728 5375 1850 5432 innotuit
1868 5386 1974 5433 autern

327 5456 499 5528 preciperet,
513 5461 544 5512 ut
555 5455 588 5510 ad
603 5455 712 5512 comitis
726 5455 860 5512 auxilium
882 5454 1058 5522 festinarent:
1071 5459 1120 5514 sed
1170 5465 1334 5521 marescallo
1361 5464 1501 5536 praedicto,
1513 5479 1541 5521 et
1552 5465 1587 5520 ab
1605 5465 1712 5523 insidiis
1725 5465 1885 5523 declinarit.
1906 5464 1966 5522 Nec

326 5562 391 5606 unm
405 5548 474 5604 nibil
490 5549 623 5620 prolicere
647 5558 750 5619 possen
766 5550 852 5604 nuruis
864 5550 960 5621 quippe
975 5560 1047 5606 terra
1059 5566 1121 5605 tor·
1169 5557 1389 5626 praetereundum
1410 5555 1485 5628 quod
1504 5557 1598 5628 plures
1624 5558 1750 5616 lromines
1766 5568 1846 5616 terne
1872 5559 1962 5629 illius,

326 5646 436 5710 rspertt
448 5638 519 5694 aiom
531 5655 609 5695 suam
623 5637 699 5709 (Gerr.
712 5640 762 5710 vr),
774 5640 809 5695 ad
832 5641 1119 5699 comitentretueavit.
1169 5648 1254 5720 aliqui
1269 5647 1353 5705 etiarn
1367 5648 1481 5704 abbates
1497 5649 1544 5720 qui
1569 5657 1659 5707 castra
1689 5641 1775 5707 multa
1806 5651 1962 5718 habebant,

326 5728 427 5786 Comes
444 5729 543 5786 iterum
564 5730 674 5787 remisit
696 5746 771 5799 curn,
784 5741 888 5788 etcum
906 5747 941 5790 eo
954 5719 1045 5790 tirum
1068 5748 1120 5789 no·
1168 5749 1342 5795 recesserunt
1356 5748 1421 5794 tunc
1446 5753 1463 5794 a
1488 5739 1588 5796 comite
1613 5751 1721 5810 nostro,
1745 5748 1773 5797 et
1794 5741 1963 5811 jnraverunt

326 5821 409 5881 bilem
425 5823 583 5883 llattbaeum
612 5826 647 5882 de
669 5824 799 5884 llarlitco
819 5825 932 5886 fratrem
955 5827 1117 5886 Buclrardi:
1168 5832 1324 5890 ildelitatem
1341 5832 1436 5891 comiti
1458 5830 1605 5890 Tolosano.
1626 5831 1858 5905 Ojuramentum
1879 5851 1963 5893 esse·

325 5916 375 5987 qul
394 5919 537 5975 venientes
553 5920 589 5974 ad
612 5919 739 5976 homines
763 5931 843 5978 terrae
862 5921 985 5992 comitis,
1013 5921 1115 5978 iterum
1169 5926 1291 5983 crabilel
1317 5923 1497 5982 olnlldelitas
1534 5925 1672 5983 inddelisl
1696 5925 1802 5984 interca
1830 5925 1961 5985 llucb‘ar·

324 6016 408 6082 flunt
424 6007 525 6071 bustu
546 6019 713 6084 roqavuunt
729 6019 760 6070 ut
778 6011 814 6071 td
838 6013 967 6073 uomitum
980 6014 1116 6088 nabent,
1168 6015 1221 6075 dns
1233 6015 1279 6101 ‚de
1295 6013 1438 6086 Harliuco,
1458 6022 1487 6074 et
1508 6013 1644 6077 Martinus
1670 6015 1776 6093 dipsis,
1798 6024 1828 6076 et
1843 6016 1960 6091 qnidam
