4350 6709
284 452 351 510 tta
1006 451 1214 511 tttnotttcon.
1859 460 1912 518 tta

444 564 484 622 De
498 563 683 634 Constantina,
698 569 746 642 gni
757 579 783 625 et
798 567 941 626 Constans.
1095 565 1253 632 AAlricae,
1271 565 1407 625 Sardinia
1428 567 1591 627 anteriores
1615 568 1736 638 indixit,
1760 573 1833 644 quad
1847 576 1915 630 nulli

329 656 414 711 Atina
427 656 532 713 Domini
548 660 600 716 titt
613 660 823 726 Constantinus,
838 662 884 731 qui
896 670 923 715 ct
933 659 1079 724 Constans,
1131 674 1193 728 spes
1205 659 1266 714 ritae
1279 670 1442 716 remaneret.
1460 659 1512 716 Sed
1528 661 1554 715 in
1566 661 1664 717 balnea
1680 665 1751 732 apnrl
1765 662 1916 736 Syracusas

294 749 369 817 aput
392 749 660 823 Constantinopolim
675 753 892 822 regnavitannis
909 768 1009 817 aaran,
1033 752 1080 821 qui
1131 751 1275 806 occiditur.

293 838 349 895 init
373 840 531 900 haereticus.
555 844 640 913 Cuius
658 845 828 914 temporibus
854 842 986 899 llartinus
1011 859 1080 913 papa

293 932 348 987 tuit
364 935 480 1002 primus,
495 950 587 1004 quem,
604 937 714 1006 quando
728 936 873 990 missarum
889 936 1020 990 solemnia
1034 951 1080 990 co-

294 1027 430 1091 lebrabat
450 1028 592 1099 Spatarius
626 1030 736 1099 qnidam
759 1029 885 1085 occidere
911 1030 1008 1095 ralnit,
1032 1030 1080 1086 sed
1165 1021 1244 1079 Anno
1260 1024 1365 1080 [lomini
1377 1025 1440 1093 677,
1453 1027 1670 1095 Constantinus,
1684 1029 1857 1088 Constantini
1871 1037 1914 1090 rel

293 1133 444 1188 percussus
459 1122 568 1176 aorasia
581 1138 642 1177 eum
655 1123 797 1177 raannidit.
816 1121 930 1176 nemum
942 1121 1079 1177 Constan-
1130 1115 1288 1172 Constantis
1313 1118 1428 1189 Augusti
1455 1119 1528 1174 lilius
1553 1121 1624 1190 apud
1647 1123 1913 1196 Constantinopolim

293 1210 369 1265 tinus
386 1226 448 1265 enm
462 1213 538 1267 misit
550 1213 577 1265 in
591 1213 784 1285 exsilinngubi
799 1212 923 1282 migrarit
936 1212 969 1266 ad
985 1211 1080 1266 [lomi-
1131 1208 1256 1276 regnarit
1271 1210 1351 1264 antris
1370 1224 1436 1264 xrtr.
1462 1209 1548 1280 Cujus
1573 1213 1741 1281 temporibus
1755 1214 1914 1275 'lirendorus

294 1317 374 1367 num,
391 1309 419 1356 et
434 1303 575 1358 miraculis
591 1306 757 1360 coruscavit.
781 1303 832 1389 Cui
846 1305 979 1360 suecessit
992 1303 1077 1375 Euge·
1130 1299 1361 1371 archiepiscopus,
1376 1310 1403 1356 et
1417 1302 1554 1357 Adrianus
1567 1304 1676 1359 abbaso
1692 1303 1830 1362 vitaliano
1845 1325 1912 1380 papa

292 1394 358 1449 ttius
386 1410 454 1464 papa
477 1397 600 1465 pt'itnuS,
625 1414 762 1453 canonum
789 1397 903 1452 scientia
931 1397 1079 1467 plurimum
1130 1393 1207 1447 missi
1227 1402 1291 1448 sunt
1305 1396 1339 1450 ad
1352 1392 1570 1450 informationem
1585 1397 1772 1453 eeclesiarum.
1787 1399 1912 1471 Adnuod

292 1485 429 1540 eruditus.
439 1485 471 1540 Et
484 1496 545 1555 past
558 1503 619 1542 enm
639 1487 802 1556 Vitalianus,
820 1488 867 1558 qui
882 1498 991 1543 cantum
1004 1504 1079 1543 carn-
1130 1480 1290 1540 Tlacodot'us
1302 1485 1363 1552 iste,
1382 1493 1411 1540 nt
1425 1484 1538 1556 qnidam
1561 1488 1647 1555 aiunt,
1665 1489 1763 1545 librum
1778 1496 1913 1561 poettiten-

290 1579 398 1647 posuit,
417 1595 472 1648 quo
487 1580 566 1635 badia
580 1580 696 1635 Romani
710 1591 832 1636 utuntur.
847 1580 1079 1653 liujusConstan-
1129 1576 1220 1631 tialem
1249 1578 1412 1647 composuit.
1439 1576 1576 1633 vitaliano
1601 1582 1735 1636 suecessit
1757 1582 1913 1638 Adeodatus

292 1670 344 1722 tini
358 1670 528 1738 temporibus
551 1672 645 1740 regina
665 1669 821 1735 Persarum,
834 1672 945 1727 nomine
960 1671 1077 1738 Caesam,
1128 1683 1216 1739 papa;
1241 1680 1302 1739 post
1315 1685 1396 1739 quern
1415 1668 1506 1724 Porrus
1517 1685 1604 1740 papae,
1619 1673 1665 1740 qui
1681 1672 1837 1742 paradisum
1851 1683 1914 1730 anta

291 1761 401 1831 prirato
416 1763 510 1816 babitu
530 1761 795 1832 Constantinopolim
815 1764 900 1830 venit,
921 1773 948 1818 et
975 1764 1079 1833 baptis·
1129 1762 1268 1817 basilicam
1282 1760 1355 1815 Beati
1368 1759 1439 1816 Petri
1456 1762 1580 1817 candidis
1596 1765 1781 1821 marmoribus
1799 1766 1914 1823 mirilico

291 1871 380 1922 muro,
393 1871 474 1926 quern
486 1855 669 1922 desiderabat,
688 1859 802 1927 accepit,
817 1873 900 1927 qnam
911 1858 1032 1929 Augusta
1045 1859 1078 1914 do
1129 1854 1232 1909 statuit.
1246 1851 1310 1907 Post
1324 1851 1400 1907 [tono
1414 1868 1490 1923 papae
1507 1855 1640 1908 successit
1654 1854 1850 1928 Agartrapapa.
1866 1859 1913 1928 qui

294 1946 373 2002 lonte
389 1947 498 2003 lcrarit.
511 1946 588 2014 erad
601 1948 714 2003 audiens
734 1965 781 2003 rer
798 1947 955 2017 Persarum,
972 1952 1077 2021 legatos
1129 1962 1211 2002 cansa
1221 1947 1415 2015 componendae
1426 1945 1501 2015 pacis
1513 1947 1584 2000 inter
1596 1947 1789 2017 imperatorem
1802 1958 1828 2004 et
1841 1949 1914 2009 Lon-¹

289 2041 325 2095 ad
345 2040 499 2110 Augustum
524 2056 575 2110 pro
598 2057 683 2095 rixare
713 2039 822 2095 direxit.
838 2040 929 2111 Legati
955 2046 1075 2114 reginam
1128 2038 1281 2111 galardae,
1310 2036 1575 2109 Constantinopolim
1599 2040 1666 2108 ivit,
1683 2050 1710 2096 et
1738 2043 1861 2099 osculum
1884 2045 1912 2100 in

289 2141 398 2202 perrara,
415 2131 562 2200 {inpar-arar
576 2148 605 2187 se
622 2131 743 2202 reginam
758 2131 883 2200 ignorare
897 2132 1008 2200 fatetur,
1029 2135 1077 2190 scil
1127 2139 1206 2200 porta
1226 2131 1344 2185 civitatis
1365 2147 1427 2184 cnm
1442 2131 1550 2184 cuidam
1564 2131 1671 2202 leproso
1693 2132 1821 2200 dedisset,
1838 2135 1912 2190 illico

290 2224 435 2278 mulierem
452 2225 557 2279 rroriter
570 2224 735 2294 baptizatam
748 2224 876 2279 ostendit.
893 2224 980 2291 Quam
995 2226 1075 2298 legati
1128 2231 1239 2277 satiatus
1255 2232 1306 2278 cst.
1324 2222 1401 2292 Apud
1417 2220 1613 2293 Langobardos
1635 2240 1745 2295 quoquc
1770 2224 1910 2280 Crimoald

288 2325 490 2385 cognoscentes
502 2323 676 2380 terrerentur,
691 2315 857 2384 supplicant,
867 2324 895 2370 ut
908 2327 1074 2385 retentatum
1127 2327 1189 2366 cuna
1202 2321 1342 2383 regnasset
1357 2311 1437 2364 armis
1450 2315 1488 2377 tr',
1502 2312 1528 2365 in
1540 2312 1653 2368 basilica
1669 2314 1760 2370 Sancti
1772 2315 1909 2371 Ambrosii

286 2424 353 2478 que
364 2408 503 2476 respondit
517 2426 523 2461 :
541 2406 567 2459 N
570 2395 671 2460 arctiore
684 2408 739 2478 regi
752 2417 854 2474 aestro,
868 2410 921 2463 nisi
935 2410 1076 2464 crediderit
1127 2413 1253 2458 mortuns
1267 2412 1294 2458 et
1310 2403 1432 2474 sepultus
1443 2412 1495 2469 est,
1513 2419 1595 2474 uttam
1609 2407 1680 2475 apud
1700 2405 1825 2463 Ticinum
1844 2424 1896 2467 een

286 2502 318 2554 in
333 2497 478 2565 Cleristunt,
498 2516 537 2553 ine
553 2498 664 2553 alterius
679 2509 827 2554 corttortcnt
848 2501 942 2555 ltobere
961 2518 1014 2556 tton
1026 2519 1076 2572 po·
1126 2497 1234 2552 struxit.

285 2594 364 2647 terit.
380 2591 449 2659 Quid
464 2589 631 2661 pluralitas
649 2607 712 2647 oum
729 2593 869 2663 sexaginta
886 2594 1007 2651 millibus
1023 2595 1074 2650 iro·
1160 2588 1296 2644 bertarith
1325 2588 1471 2644 ricosimns
1498 2604 1545 2643 rex
1572 2587 1816 2661 Langobardorum
1845 2602 1910 2647 tnnc

287 2686 396 2740 minum
421 2684 687 2755 Constantinopolim
708 2685 794 2748 scuit,
817 2694 844 2740 ct
862 2700 925 2740 curn
946 2687 1075 2744 omnibns
1124 2681 1269 2753 prologos,
1284 2691 1312 2736 ut
1326 2682 1419 2735 redeat
1430 2680 1456 2734 in
1469 2679 1573 2735 ltaliam
1589 2681 1755 2736 toccdirina
1772 2693 1909 2739 manetur.

287 2777 453 2846 baptizatur,
468 2775 503 2830 ab
514 2777 638 2845 Augusta
649 2775 683 2832 dc
693 2774 893 2832 loriteleratns.
905 2776 974 2833 Cum
988 2794 1075 2835 uxore
1129 2773 1265 2830 narn-sus
1281 2774 1308 2828 in
1324 2789 1415 2844 regem
1431 2773 1612 2841 sublimatnr;
1639 2774 1718 2843 cujus
1740 2789 1807 2829 uxor
1821 2773 1910 2829 ilrirlo·

287 2868 437 2924 remittitur
452 2869 612 2923 bonoratns.
1124 2866 1198 2920 linda
1214 2863 1354 2920 basilicam
1366 2860 1481 2917 Sanctae
1501 2861 1592 2918 llariae
1606 2864 1639 2918 ad
1654 2861 1775 2919 Perticas
1792 2865 1910 2920 terliiica-

1201 852 1240 906 lla
1253 853 1437 922 Constantino,
1456 856 1626 912 Constantini
1645 858 1684 912 cel
1703 858 1855 918 Constantia

1428 927 1542 997 Arrgrtatt‘
1554 929 1622 997 filio.

323 2960 467 3031 Aripertus
480 2961 604 3018 decimus
618 2973 733 3023 octavus
750 2980 797 3020 ret
812 2964 1072 3037 Langobardorum,
1125 2959 1172 3013 rit.
1188 2956 1248 3028 lpse
1260 2971 1324 3011 rero
1340 2955 1484 3010 ecelesiam
1502 2952 1608 3010 Sanctae
1622 2955 1744 3027 Agatlrae,
1757 2967 1783 3012 ct
1797 2955 1909 3011 Portam

284 3052 336 3123 qul
350 3051 484 3106 successit
495 3049 682 3122 Rodaaldo‚et
694 3055 817 3111 condidit
827 3057 969 3111 oraculum
980 3054 1073 3113 Sancti
1124 3048 1274 3103 Publiliam
1289 3045 1359 3115 apud
1376 3042 1502 3099 Ticinum
1524 3045 1689 3111 ⁰⁰¹¹Slt'l1ill,
1714 3052 1741 3097 tl
1758 3055 1909 3114 martyrum

287 3142 440 3198 Salvatoris
454 3144 525 3214 apud
548 3144 689 3213 Ticinum;
706 3155 733 3201 ct
756 3162 819 3201 eum
835 3157 977 3218 regnasset
994 3151 1073 3205 annis
1124 3140 1209 3195 Primi
1223 3149 1250 3195 el
1274 3136 1403 3193 feliciani
1431 3151 1546 3206 ⁰⁰¹'ll0ffl
1560 3136 1691 3191 0⁰¹¹tiidil·
1715 3135 1840 3206 Cumque
1865 3153 1910 3190 Ν·

285 3247 398 3301 norem,
414 3248 527 3303 regnum
546 3236 654 3292 dnobus
679 3238 742 3292 tiliis
768 3237 905 3292 bertarith
920 3248 947 3294 aa
969 3239 1107 3328 Gonane
1124 3237 1235 3303 guasset
1247 3246 1281 3284 rr
1299 3228 1389 3295 aratris,
1411 3227 1560 3298 Cuniperto
1573 3226 1629 3282 lilio
1645 3242 1696 3282 suo
1712 3244 1826 3297 regnum
1844 3228 1908 3281 reli-

283 3333 367 3396 perto
384 3326 503 3397 reliquit.
523 3326 706 3399 Gondipcrtus
729 3327 828 3395 Ticini,
842 3329 978 3386 Bertaritlr
1003 3334 1073 3389 scdlt
1124 3321 1193 3391 quit,
1213 3335 1294 3390 (luem
1317 3317 1428 3373 maedis
1441 3317 1496 3371 (¹¹¹¹
1512 3316 1689 3372 Tsldssfflissfls
1707 3326 1802 3372 ⁰⁰⁰¹?ss
1822 3318 1908 3371 filissil·

284 3418 444 3476 llediolani.
459 3419 513 3477 Sed
525 3420 663 3476 Crimaald
679 3422 732 3476 dux
749 3420 956 3479 Berretcntanus
970 3422 1073 3479 Condi·
1122 3423 1217 3480 tatem,
1230 3410 1417 3466 adssllessliblls
1434 3410 1459 3464 05
1471 3409 1575 3464 A¹d⁰¹¹⁰
1587 3419 1622 3464 ⁴⁰¹
1637 3408 1777 3480 Adl³⁵⁰¹¹0
1799 3410 1905 3465 Brisia-

283 3521 393 3582 perluor
419 3510 608 3567 fraudolenter
634 3512 752 3579 occidit;
782 3528 837 3582 quo
864 3512 979 3578 andito,
1002 3512 1073 3586 legit
1122 3507 1166 3561 nis
1179 3505 1295 3567 civibus,
1310 3519 1393 3575 regno
1405 3511 1432 3557 et
1447 3502 1547 3572 palatio
1560 3499 1697 3557 Ticinensi
1713 3503 1839 3573 privavit.
1857 3502 1905 3557 llic

283 3602 424 3660 Bertaritb
439 3602 661 3668 llediolanensis,
674 3610 701 3658 et
712 3604 785 3658 stetit
804 3605 831 3658 in
846 3605 955 3660 exsilio.
1121 3598 1232 3655 Alaclris
1247 3594 1363 3652 clericas
1385 3595 1452 3650 odio
1466 3595 1576 3657 habuit:
1602 3595 1649 3666 qui
1663 3595 1781 3666 quodam
1800 3593 1904 3649 'Piraian

321 3694 497 3751 Crimoaldus
517 3696 641 3752 decimus
656 3712 746 3751 nonus
760 3711 809 3750 rex
826 3695 1071 3767 Langobardorum
1121 3692 1239 3747 diacono
1249 3689 1283 3745 arl
1298 3704 1328 3744 se
1339 3686 1474 3755 veniente,
1487 3690 1544 3743 ait:
1570 3687 1672 3754 Veniat,
1686 3689 1711 3741 si
1729 3685 1805 3741 nabet
1821 3688 1905 3758 ferrara·

283 3788 420 3857 regnarit,
436 3788 483 3857 qni
500 3787 622 3844 Francos
637 3789 663 3843 in
685 3789 791 3844 ltaliam
816 3789 957 3845 retrientes
985 3789 1070 3843 inulta
1122 3783 1191 3838 rolla
1213 3781 1322 3835 arundo·
1340 3779 1381 3834 Ad
1407 3795 1488 3851 quem
1512 3781 1646 3836 diaconus
1677 3781 1715 3834 ait
1730 3797 1737 3834 τ
1752 3779 1837 3833 Dicite
1851 3780 1903 3845 llll,

279 3878 359 3934 eada
369 3878 515 3948 prostravit
528 3879 605 3948 juxta
618 3879 756 3934 ciuitatem
771 3878 1072 3935 Asterrscm.Canstan·
1121 3874 1183 3946 quio
1203 3872 1274 3927 Dens
1286 3880 1372 3942 potest
1386 3871 1414 3925 in
1431 3874 1495 3926 meis
1513 3873 1601 3926 censis
1623 3867 1906 3941 reprehensionent'in·

283 3973 361 4027 tinus
374 3972 466 4043 igitur,
484 3982 512 4027 ut
523 3971 628 4026 ltaliam
643 3988 657 4026 a
679 3970 922 4043 Langobardorum
943 3971 1070 4026 manibus
1120 3969 1207 4024 tenire
1220 3984 1228 4022 .·
1243 3970 1298 4038 ipse
1314 3984 1365 4023 non
1378 3975 1473 4037 potest.
1492 3966 1544 4020 Sed
1563 3976 1612 4036 per
1633 3964 1680 4019 Dei
1695 3965 1810 4035 gratiam
1829 3965 1905 4020 misit

279 4065 411 4135 eriperet,
427 4064 548 4118 Albanas
564 4063 648 4131 verrit,
663 4073 691 4118 et
710 4079 785 4118 marc
798 4063 947 4125 transiens,
964 4061 1069 4117 Taren·
1121 4054 1148 4108 ill
1165 4054 1297 4109 amilium
1317 4053 1399 4124 leti&
1414 4050 1469 4107 ¹¹⁰¹
1484 4053 1518 4106 ¹¹⁶
1538 4051 1650 4107 maedis
1665 4059 1692 4106 ‘³¹
1704 4051 1826 4107 elewiul
1844 4054 1903 4122 ⁶l¹¹⁸

283 4159 495 4230 gumappticurg
507 4164 533 4213 01
548 4157 694 4228 quemdam
706 4136 847 4213 ammirans
864 4157 1019 4221 consuluit,
1045 4157 1069 4210 εἰ
1119 4146 1261 4201 uictoriam
1283 4145 1389 4199 babuit.
1412 4142 1462 4200 llio
1492 4144 1657 4213 Cunipertus
1682 4159 1793 4198 uxorem
1825 4159 1904 4198 snam

280 4262 390 4324 gentem
405 4249 649 4321 Langobardorum
674 4258 767 4319 posset
789 4250 905 4304 viriiiter
926 4265 1066 4320 superare,
1119 4240 1233 4294 audiens
1250 4238 1416 4294 Tlreodatcm
1438 4238 1554 4307 puellam
1569 4240 1601 4293 de
1617 4237 1820 4308 pulchritudine
1832 4252 1904 4292 eoni-

280 4345 336 4414 Qut
358 4327 510 4416 respondit,
535 4344 608 4414 quod
635 4358 703 4414 gens
720 4340 963 4412 Langobardorum
987 4342 1069 4396 modo
1119 4331 1257 4396 mendam,
1275 4347 1335 4386 0³¹ss
1364 4331 1505 4400 ⁶08¹¹⁰Vd3
1522 4341 1549 4385 el
1573 4330 1601 4384 in
1625 4331 1803 4397 monasterio,
1829 4332 1903 4400 quod

279 4440 472 4510 superarinan
489 4446 592 4508 posset,
611 4437 676 4506 qrria
691 4436 788 4491 beatus
810 4433 930 4490 ioannes
945 4432 1067 4504 baptista
1118 4425 1178 4493 ejus
1194 4423 1304 4479 nominc
1322 4422 1495 4493 appellatur,
1514 4422 1586 4491 apud
1601 4420 1726 4477 Ticinum
1748 4423 1900 4478 collocarit.

279 4549 332 4605 pso
347 4532 388 4587 gig
404 4531 532 4586 mmmm„
548 4529 701 4596 inim—cepit,
716 4544 748 4582 ρο
767 4527 839 4599 quod
860 4527 953 4597 regina
974 4526 1067 4582 pastu.
1118 4515 1215 4571 Franci
1232 4526 1295 4571 ante
1313 4516 1469 4571 uenerabile
1483 4531 1582 4585 corpus
1598 4517 1671 4571 beati
1688 4516 1827 4571 Beriedicti
1842 4533 1902 4586 per-

279 4641 343 4680 catn
359 4624 419 4695 ejus
432 4623 459 4677 in
472 4622 607 4678 lineatcta
619 4621 783 4676 construxit.
799 4618 981 4690 Progredicns
993 4618 1066 4684 indc,
1082 4610 1106 4663 Ι)
1120 4616 1231 4661 boclam
1257 4607 1428 4669 simulantes,
1447 4608 1474 4660 in
1500 4616 1592 4662 tasilo
1612 4607 1719 4662 cassini
1740 4622 1804 4661 088³
1830 4608 1900 4662 litati

277 4716 428 4774 Nuceriam
451 4716 590 4771 ciritatcnt
606 4713 752 4767 destruxit.
775 4712 951 4783 Agcruntiam
968 4709 1065 4763 cirita-

280 4821 336 4867 tem
348 4826 414 4866 sane
426 4824 522 4878 capere
538 4806 671 4876 singultit.
687 4804 871 4858 [turicremam
886 4801 1004 4866 obsedit,
1021 4800 1066 4854 nbi

279 4901 415 4958 Romoald
430 4899 579 4955 Crirnoaldi
602 4896 673 4967 regis
689 4897 761 4951 filins
786 4894 915 4949 ducatmn
937 4892 1064 4947 babebat.

278 4986 450 5044 llomoaldus
475 4986 567 5055 itaquo
595 4981 753 5037 Crianoaldo
774 4980 844 5051 patri
864 4996 914 5034 sna
937 4979 1065 5035 nuntium

276 5081 390 5145 direxit,
414 5078 545 5134 auxilinm
568 5077 656 5148 petiit.
676 5076 729 5130 lter
747 5073 898 5130 festinarit.
915 5073 1066 5143 lmpcrator

275 5170 421 5244 Neapolim
436 5186 466 5225 se
492 5170 603 5239 recepit,
628 5177 655 5223 et
670 5168 732 5222 inda
744 5165 815 5221 bello
827 5181 888 5221 curn
902 5181 953 5221 suo
964 5166 1065 5219 datiano

276 5275 401 5338 peracto,
431 5262 544 5319 llotuam
573 5261 701 5332 perrexit.
728 5258 779 5314 Cui
809 5273 880 5329 papa
912 5254 1065 5312 Vitalianus

274 5373 340 5415 cum
368 5359 442 5415 clero
465 5358 561 5413 devote
588 5354 748 5412 occurritet
773 5352 884 5425 populo.
914 5350 1065 5422 imperator

274 5449 359 5507 beato
374 5448 583 5520 Petropallinm
608 5446 707 5503 obtulit
739 5461 807 5500 auro
837 5450 1015 5509 contestatam
1038 5449 1065 5496 et

274 5559 341 5602 outa
364 5543 512 5599 mansisset
535 5540 629 5596 Romae
644 5539 741 5594 rliebus
755 5553 804 5604 xri,
816 5542 977 5591 ornamenta
995 5535 1064 5589 ciri-

274 5635 342 5692 tatis
352 5643 380 5691 et
389 5633 584 5698 ecclesiarum,
600 5640 627 5684 et
640 5629 748 5684 Sanctae
769 5626 874 5694 llariae,
902 5626 947 5680 arbi
975 5624 1064 5681 luerat

274 5726 429 5792 Pantheon,
442 5736 468 5781 et
484 5733 554 5779 tecta
567 5738 641 5778 aetrea
656 5722 791 5794 deposuit,
806 5729 833 5777 et
845 5720 982 5776 civitatem
995 5735 1063 5775 auro

273 5818 451 5890 exspoliarit.
467 5815 495 5870 ln
512 5813 637 5871 Siciliam
653 5829 796 5885 regressus
822 5821 882 5880 est,
909 5820 936 5867 et
958 5810 996 5865 ibi
1016 5825 1063 5880 per

274 5908 497 5984 quinquennium
517 5906 639 5976 mansit,
659 5912 685 5961 ct
705 5904 773 5963 tales
789 5902 934 5973 Calabriae,
949 5901 1061 5968 Sicilire,

1117 4696 1255 4753 benedicti
1271 4709 1298 4754 ct
1319 4707 1420 4754 sanctie
1445 4698 1621 4754 Scholasticis
1641 4699 1723 4753 iurati
1739 4710 1817 4765 sarit,
1834 4710 1860 4754 ct
1875 4701 1901 4753 in

1117 4803 1195 4843 suain
1212 4789 1327 4858 patriam
1340 4796 1528 4859 portaverunt.
1540 4788 1678 4859 Agatlroni
1692 4791 1823 4845 successit
1847 4789 1902 4843 Lea

1116 4894 1185 4950 papa
1201 4882 1359 4947 sccundus;
1375 4891 1402 4937 et
1423 4889 1483 4952 post
1503 4897 1566 4936 cum
1587 4882 1720 4937 successit
1741 4881 1902 4939 Benedictus

1116 4985 1185 5041 papa
1196 4973 1351 5040 sccumlus;
1364 4982 1391 5027 ct
1405 4982 1467 5042 post
1480 4987 1542 5027 eum
1555 4973 1690 5028 successit
1699 4972 1819 5029 loannes
1833 4990 1901 5044 papa

1116 5065 1238 5133 quintus,
1254 5066 1301 5137 qrri
1315 5067 1473 5137 composuit
1495 5065 1596 5120 librum
1619 5066 1658 5120 De
1676 5065 1754 5137 pollii
1773 5068 1902 5137 dignitate

1117 5165 1238 5228 tempore
1257 5157 1427 5229 infrascripti
1442 5158 1594 5215 iustiniani
1623 5156 1736 5214 bliuoris
1761 5158 1809 5214 lilii
1830 5158 1902 5214 Con-

1115 5249 1238 5303 stantini.

1204 5337 1244 5392 De
1263 5336 1418 5393 Justittiona
1432 5339 1532 5393 nriuorc
1557 5337 1723 5393 Constantini
1744 5338 1811 5409 filio.

1150 5431 1229 5485 Anno
1245 5429 1354 5485 Donrini
1370 5430 1433 5496 oet,
1446 5428 1619 5486 iustinianns
1634 5427 1809 5486 Constantini
1828 5428 1900 5482 illius

1115 5523 1186 5594 apud
1198 5522 1470 5594 Constantinopolim
1483 5524 1607 5594 regnavit
1621 5524 1702 5578 annis
1713 5539 1740 5578 x.
1755 5519 1805 5577 tlte
1825 5523 1900 5575 Alri·

1114 5633 1176 5674 cam
1198 5634 1213 5673 a
1229 5615 1391 5673 sarracenis
1405 5617 1589 5688 recuperarit,
1605 5625 1632 5670 et
1648 5631 1710 5672 corn
1737 5616 1777 5672 eis
1804 5629 1900 5686 pacem

1115 5711 1179 5768 lecit
1195 5721 1267 5766 terra
1290 5710 1425 5780 marique.
1443 5708 1577 5764 Similiter
1589 5709 1729 5779 provincia
1741 5708 1833 5764 Alrica
1858 5724 1901 5762 re-

1114 5808 1194 5862 dacta
1206 5814 1247 5861 est
1262 5803 1313 5861 snb
1324 5801 1452 5858 Romano
1464 5804 1589 5874 irnperio.
1605 5801 1693 5872 ilarius
1714 5811 1834 5873 tempore
1849 5799 1901 5854 luit

1115 5897 1290 5969 supradictus
1304 5893 1424 5952 loannes
1447 5910 1537 5969 papa;
1558 5896 1601 5952 cui
1628 5894 1761 5953 successit
1788 5894 1900 5967 Sergius
