4350 6709
211 532 264 598 197
860 534 1014 593 titulis.
1033 567 1068 578 -
1086 534 1151 592 titt.
1174 535 1206 591 t.
1780 540 1833 596 tait

215 660 279 730 pu'to
295 673 381 729 quent
402 659 561 730 praeparasti
588 658 622 712 ad
637 657 770 714 visionem
789 665 876 725 tuam,
902 666 932 712 ut
956 656 1005 711 tibi
1019 658 1041 714 1
1057 657 1203 724 tollerare:
1221 657 1292 713 unde
1304 655 1441 712 Abrabam
1466 655 1753 725 tresrldit,etnnun1
1769 659 1835 712 nlo·

213 751 344 805 dieitur:
362 747 487 806 «Libera
507 746 579 805 bens
593 749 675 805 israel
692 765 725 805 et
743 750 871 805 omnibus
886 748 1001 802 tribula·
1050 746 1120 802 ravit
1138 747 1171 802 11.

212 840 337 894 tionibus
350 840 410 896 suis
424 840 457 895 11.
472 839 525 896 »Et
537 841 666 911 qnoniam
678 841 732 905 lor,
743 840 892 911 psalmodia
903 849 929 896 et
939 857 1001 911 pro·
1084 839 1249 909 Aspicieiom
1262 839 1291 893 in
1301 838 1357 892 aisn
1369 838 1465 901 noetis,
1485 848 1512 892 et
1527 855 1584 892 ecce
1598 840 1627 892 in
1648 837 1762 892 nuliius
1775 839 1834 892 coeti

212 930 308 1001 pneris
321 932 396 987 bunc
408 930 556 987 Salvatoris
568 931 712 986 adventum
724 931 947 1000 praenuntiavere,
958 933 1000 987 vei
1051 927 1139 983 Filius
1148 931 1260 983 dominis
1272 929 1398 992 ueniebat,
1410 939 1434 983 et
1445 929 1536 983 datum
1545 931 1614 984 estei
1625 946 1742 1000 regnum,
1753 939 1779 984 et
1787 931 1835 983 iro-

211 1022 386 1092 potiusquia
398 1031 490 1092 patres
515 1030 578 1077 ante
591 1023 677 1092 legem
692 1023 764 1077 irunc
777 1022 921 1077 adrentum
933 1038 1000 1091 prae-
1051 1036 1115 1086 nor,
1139 1029 1165 1074 et
1184 1022 1269 1074 omnis
1289 1019 1413 1091 populns,
1443 1020 1527 1075 trilns
1544 1030 1570 1074 et
1596 1023 1693 1091 lingum
1720 1023 1832 1075 servient

212 1112 427 1184 sidere‚patres
443 1112 565 1185 sublege
586 1112 784 1180 desideravere,
799 1123 891 1183 patres
907 1115 1001 1185 gratiae
1049 1113 1120 1168 eii’.
1134 1112 1226 1168 Daniel
1241 1113 1397 1169 eoelestibus
1412 1112 1531 1184 llagrans
1543 1113 1696 1178 desideriis,
1712 1113 1793 1178 unde,
1805 1122 1834 1169 et

213 1204 410 1272 predicavere.
422 1203 525 1259 idcireo
533 1215 588 1260 tres
596 1220 691 1260 versus
703 1214 864 1276 sequuntur,
876 1221 1001 1276 perquos
1050 1207 1092 1261 sir
1118 1206 1308 1260 desideriorum
1318 1206 1419 1260 merarii
1433 1205 1564 1276 appellari
1584 1204 1619 1271 11,
1647 1216 1757 1276 accepto
1785 1222 1832 1276 per

213 1299 312 1362 patres
339 1293 425 1346 mium
450 1301 603 1363 temporum
629 1295 825 1366 intelliguntur.
843 1293 912 1351 Dicit
935 1312 1001 1367 ergo
1050 1296 1175 1366 angelum
1191 1296 1337 1361 intellectu,
1352 1295 1394 1351 iris
1410 1295 1500 1349 verbis
1513 1295 1714 1365 investigabiles
1725 1295 1832 1352 divitias

214 1379 352 1452 baptista,
364 1383 407 1438 v'el
416 1381 537 1439 Ecclesia
550 1403 557 1438 ε
574 1383 628 1440 l'os
639 1394 730 1454 patres
744 1397 806 1441 ante
819 1386 905 1458 legem
918 1428 926 1455 ,
941 1391 1001 1457 qni·
1051 1390 1214 1444 sacramenti
1227 1388 1378 1444 absconditi
1390 1403 1405 1441 a
1418 1387 1536 1453 saeculis,
1552 1387 1604 1441 boc
1620 1395 1662 1441 est
1673 1387 1830 1458 mysterium

215 1491 265 1544 pte
275 1476 427 1546 terrigenae,
437 1486 463 1531 et
475 1476 680 1545 filiidominnm,
693 1478 772 1532 sinant
787 1480 814 1533 in
826 1497 907 1534 nnnm
918 1482 999 1548 dines,
1050 1480 1245 1536 incarnationis
1263 1478 1357 1545 Verbi,
1382 1478 1454 1550 quod
1479 1478 1506 1532 in
1531 1478 1665 1548 principio
1685 1486 1744 1533 erat
1760 1479 1830 1547 apud

214 1577 239 1623 et
249 1584 365 1636 pauper,
377 1567 420 1622 ite
431 1571 534 1624 orniam
548 1569 582 1634 11,
591 1579 643 1624 etr.
653 1569 815 1641 Terrigenas
827 1572 891 1627 dicit
903 1573 1000 1639 malos,
1050 1571 1157 1628 Patrem
1172 1573 1205 1638 ⁸¹,
1217 1573 1332 1642 aperuit,
1348 1571 1442 1627 dicens
1456 1587 1464 1625 a
1483 1570 1649 1639 Aspicielom
1665 1572 1691 1623 in
1702 1572 1768 1634 aisn,
1785 1579 1832 1624 ant

215 1658 338 1728 quisunt
350 1659 377 1715 in
388 1668 465 1729 parte
474 1659 539 1715 naa
550 1661 584 1716 de
598 1669 669 1716 terra
684 1662 820 1732 plasmati,
833 1663 879 1733 qui
894 1673 1000 1719 terrena
1049 1665 1154 1720 visione
1163 1665 1258 1718 noetis.
1270 1661 1380 1732 Triplex
1394 1669 1436 1717 est
1447 1661 1526 1726 visio,
1537 1660 1643 1720 noctis.
1657 1659 1726 1720 diei.
1742 1660 1830 1726 lucis;

215 1743 388 1822 monaulum
404 1752 475 1808 lilios
487 1753 627 1807 bominum
638 1753 710 1809 dicit
724 1756 822 1824 bonos,
836 1756 880 1826 qni
897 1766 959 1811 sunt
973 1758 1000 1812 in
1051 1767 1183 1813 nocturna
1200 1765 1262 1810 ante
1276 1755 1388 1825 gratiam
1400 1795 1407 1818 ,
1420 1754 1516 1809 diurna
1531 1751 1582 1806 snb
1593 1751 1690 1821 gratia,
1703 1750 1791 1805 lueida
1804 1751 1834 1804 in

215 1853 297 1913 parte
318 1844 392 1898 serti
407 1840 472 1899 Adae
495 1845 541 1900 lilii
557 1845 695 1913 bominis3
711 1846 810 1904 divites
828 1849 918 1903 subdit
932 1865 1001 1919 quos
1050 1849 1147 1921 gloria.
1163 1847 1191 1902 ln
1205 1858 1336 1903 nocturna
1352 1847 1443 1902 videre
1457 1846 1618 1916 patriarcba
1632 1853 1659 1898 et
1676 1844 1833 1913 proplrctaet

214 1938 373 2008 terrigenas
385 1938 577 2008 appellaverat,
590 1954 732 2009 pauperes,
746 1956 816 2012 quos
829 1941 899 1998 tilios
913 1943 1002 1997 bomi-
1051 1956 1147 1996 omnes
1160 1941 1232 1995 enim
1245 1939 1340 1995 Patres
1352 1938 1437 1993 nostri
1450 1938 1501 1993 sub
1523 1937 1595 1991 nube
1608 1935 1683 1990 litere
1698 1935 1721 1967 11
1734 1952 1741 2000 ;
1768 1949 1833 1988 narn

216 2045 296 2085 num.
311 2029 367 2083 Vos
376 2043 442 2100 crgo
455 2031 560 2100 quique,
573 2031 599 2085 id
609 2040 650 2086 cst
659 2032 773 2103 quilibet
786 2034 932 2104 terrigena,
942 2050 1000 2088 ma·
1017 1999 1038 2054 Β
1055 2049 1065 2085 r
1081 2031 1224 2086 brachium
1250 2030 1355 2085 llotniui
1375 2029 1420 2085 cui
1443 2027 1592 2082 revelatum
1607 2036 1648 2080 est
1662 2026 1702 2093 11;
1719 2044 1728 2077 r
1747 2025 1831 2079 velata

216 2118 277 2173 litia
301 2119 400 2175 divites
414 2137 421 2186 ;
436 2129 462 2174 et
478 2120 529 2190 filii
542 2122 676 2175 dominnm
700 2124 795 2192 spiritu
822 2138 954 2195 pauperes
966 2124 999 2189 11,
1052 2120 1104 2176 luit
1117 2119 1201 2176 tocies
1217 2118 1313 2190 Moysi,
1336 2119 1426 2173 velum
1442 2118 1575 2188 pendebat
1590 2117 1616 2171 in
1632 2115 1721 2170 medio
1739 2114 1831 2183 ternarii

215 2210 265 2280 qui
280 2210 350 2264 estis
360 2210 441 2262 rimnl
452 2210 478 2263 in
496 2227 585 2266 unam.
596 2210 628 2265 -ln
647 2227 702 2268 uno
716 2214 779 2268 ovili
794 2214 856 2284 agni
871 2224 898 2269 et
920 2214 1001 2281 lraedi,
1051 2213 1085 2268 11.
1097 2210 1174 2267 Unde
1191 2221 1219 2266 et
1236 2210 1280 2265 laic
1293 2209 1388 2265 baatet
1402 2209 1551 2280 aspiciebat
1566 2209 1592 2262 in
1611 2209 1671 2262 visu
1688 2206 1785 2261 noetis.
1800 2203 1831 2259 in

218 2302 313 2355 muno
323 2309 382 2356 rete
391 2301 481 2371 pisces
490 2301 554 2357 boni
563 2312 590 2357 et
601 2303 715 2370 moli‘⁸;
730 2304 757 2357 in
770 2319 824 2358 uno
835 2314 911 2360 utero
918 2303 1002 2360 iacob
1051 2304 1149 2359 diurna
1162 2303 1253 2357 videre
1271 2301 1399 2372 apostoli,
1420 2301 1519 2371 ortibus
1534 2299 1659 2371 apparuit
1674 2296 1834 2351 humanitas

219 2403 245 2446 et
258 2391 332 2447 Esau
347 2393 389 2460 11;
412 2393 439 2448 in
453 2410 508 2448 una
520 2410 583 2449 arca
597 2394 672 2462 Sem,
686 2396 772 2451 Cbam
782 2406 815 2452 -et
835 2396 951 2469 iaphet3
975 2398 1002 2453 in
1053 2395 1202 2452 salvatoris
1218 2394 1304 2449 nostri
1320 2393 1362 2461 11;
1382 2393 1509 2462 aquibus
1520 2392 1547 2446 iu
1562 2401 1633 2447 term
1648 2390 1723 2444 risus
1738 2396 1788 2451 cst,
1805 2395 1833 2440 rt

219 2499 272 2537 una
290 2498 357 2537 area
378 2500 493 2555 granum
515 2497 541 2541 et
562 2487 638 2556 palea
652 2485 686 2541 11.
709 2486 751 2542 ite
766 2490 878 2556 obuiam,
905 2497 932 2544 et
954 2503 1003 2544 vos
1052 2503 1114 2543 eunt
1130 2487 1169 2542 eis
1183 2493 1360 2541 conversatus
1373 2493 1415 2539 est
1428 2484 1452 2516 11
1465 2483 1626 2537 Emmanuel
1643 2481 1676 2547 11,
1691 2481 1716 2535 id
1730 2491 1771 2535 est
1786 2497 1833 2533 no-

220 2575 285 2628 raali
303 2591 354 2646 per
368 2575 522 2646 ingressum
549 2577 695 2648 incipiatis,
721 2593 771 2634 vos
793 2579 857 2633 boni
874 2594 921 2649 per
938 2594 1002 2650 pro·
1052 2582 1152 2633 lisenm
1170 2577 1262 2643 bem,-
1278 2577 1420 2652 uobiscum
1435 2574 1530 2630 iormae
1543 2572 1759 2645 participatione,
1772 2587 1833 2625 car·-

219 2685 347 2741 gressum
365 2668 523 2738 proficiatis.
539 2667 593 2726 tos
606 2671 688 2725 etiarn
700 2682 791 2742 patres
807 2671 858 2727 sub
870 2673 1004 2742 legediei·
1053 2677 1097 2732 nis
1109 2676 1212 2747 peccati
1227 2671 1405 2729 similitudine
1420 2681 1447 2728 ει
1460 2669 1668 2726 conversatione
1681 2665 1714 2721 11.
1742 2664 1771 2721 in
1788 2667 1832 2720 in·

218 2771 261 2814 te:
275 2761 329 2826 oar·
346 2761 415 2829 regis
431 2756 528 2825 israel,
540 2760 661 2823 intende:
675 2764 721 2832 gai
732 2762 839 2816 deducis
853 2763 921 2817 uelut
932 2779 1003 2818 ouem
1053 2767 1113 2822 cidn
1127 2766 1256 2820 videbunt
1268 2764 1315 2819 filii
1328 2763 1375 2818 bet
1386 2761 1455 2819 lacie
1465 2762 1498 2817 ad
1510 2760 1607 2816 faciem
1621 2760 1655 2828 11,
1667 2757 1776 2830 quando
1787 2773 1834 2811 so·

216 2851 328 2922 ioseph,
349 2852 445 2903 nuntia
459 2850 543 2915 nolis,
558 2861 610 2906 etc.
621 2852 673 2916 Qui
684 2854 750 2922 repis
765 2851 851 2906 isreel
860 2853 1002 2910 iudaicam
1054 2859 1110 2912 luto
1125 2858 1176 2912 erit
1189 2856 1307 2926 corrigia
1319 2854 1495 2910 calceamenti
1510 2854 1544 2919 11,
1557 2853 1667 2923 quondo
1683 2849 1833 2906 secundnm

220 2943 354 3014 populum
371 2959 418 3013 per
433 2943 587 2998 doctrinam
610 2944 678 3015 legis
693 2943 778 2999 Deum
790 2946 925 3001 >videntem
937 2964 945 3014 ;
958 2948 1003 3017 qni
1054 2949 1211 3005 Zachariam
1220 2948 1242 2983 11
1254 2964 1308 3003 non
1323 2949 1374 3003 crit
1385 2947 1574 3014 dics,nelnox,
1588 2946 1634 2999 sed
1647 2954 1750 2998 tantum
1764 2942 1809 2996 lun
1825 2960 1832 2995 :

220 3037 327 3090 meeis
343 3036 378 3090 dc
396 3037 498 3090 virtute
515 3037 542 3090 in
563 3036 690 3091 virtutem
707 3037 728 3067 11
744 3036 822 3092 ducis
841 3038 919 3092 aelati
933 3054 1004 3093 onem
1053 3041 1117 3111 quia
1128 3039 1246 3095 cessabit
1262 3039 1350 3094 noetis
1364 3048 1392 3094 ct
1406 3038 1461 3092 diei
1476 3036 1646 3102 vicissitudo,
1661 3043 1689 3089 et
1701 3034 1753 3088 erit
1765 3033 1834 3088 lucis

222 3130 399 3185 innocentem
417 3127 526 3197 loseplr,
547 3127 676 3198 populum
697 3128 824 3198 gentilem
846 3140 1005 3200 augmenta·
1026 3193 1028 3198 ,
1054 3131 1234 3186 continuatio.
1245 3129 1321 3185 lianc
1331 3129 1534 3186 distinctionem
1545 3129 1682 3185 visionum
1693 3126 1794 3182 veritas
1806 3126 1834 3178 in

217 3228 277 3272 turn
289 3234 339 3288 per
356 3217 522 3273 irumeotum
537 3217 761 3273 mortificatum²¹
774 3237 781 3286 ;
796 3220 911 3285 intende,
922 3236 1005 3290 super
1054 3221 1199 3292 Evangelio
1211 3222 1301 3277 innuit
1314 3222 1460 3292 inquiens:
1487 3239 1497 3272 r
1516 3220 1653 3276 Abrabam
1679 3219 1834 3284 exsultavit,

221 3310 373 3364 aoslurnen
387 3311 494 3380 pletatis
506 3309 628 3364 iniunde.
643 3309 678 3364 Et
689 3312 780 3364 nnntin
791 3313 875 3378 nolis
887 3321 939 3367 etc.
950 3311 1038 3391 llosc
1056 3323 1085 3368 ut
1099 3315 1201 3369 videret
1225 3314 1296 3369 diem
1313 3330 1415 3381 meum,
1440 3313 1508 3369 vidit
1524 3323 1552 3369 et
1576 3315 1686 3385 gavisus
1701 3322 1743 3368 est
1767 3314 1800 3367 11.
1821 3330 1831 3364 r

221 3415 331 3471 quoque
349 3413 441 3471 patres
466 3402 518 3457 sub
545 3403 632 3472 gratia
659 3401 761 3458 dieite:
789 3402 883 3458 Tollite
900 3415 1002 3475 portos,
1055 3404 1120 3460 iren
1140 3425 1147 3461 ε
1166 3423 1175 3455 r
1193 3404 1269 3460 liniti
1286 3421 1364 3478 reges
1385 3413 1414 3462 et
1434 3406 1574 3477 prophetae
1597 3406 1707 3460 voluere
1732 3404 1834 3469 videre,

219 3493 364 3561 pdrreipes,
386 3507 498 3560 nestros,
512 3502 536 3546 et
559 3492 697 3547 obtantini
711 3504 794 3563 porte
817 3496 963 3561 eternales,
978 3503 1004 3548 et
1053 3511 1115 3567 qnae
1129 3511 1177 3550 ros
1190 3496 1295 3557 videtis,
1312 3507 1339 3550 et
1351 3510 1405 3550 non
1417 3496 1544 3551 viderunt
1556 3495 1590 3563 11,
1609 3516 1618 3548 r
1632 3484 1745 3567 supple':
1763 3509 1835 3566 iptio·

222 3586 343 3639 introibit
357 3585 382 3621 '⁸
402 3586 448 3656 oni
472 3595 627 3656 regnotnrns
649 3595 699 3652 est,
718 3595 772 3642 etc.
791 3585 813 3644 0
831 3589 960 3658 principes
979 3596 1006 3644 et
1054 3587 1136 3641 utorio
1152 3601 1202 3641 vos
1217 3587 1312 3640 ridetis
1326 3603 1333 3652 ;
1348 3586 1384 3640 ilii
1402 3587 1475 3640 enim
1488 3585 1614 3640 viderunt
1626 3586 1653 3639 in
1673 3594 1763 3651 noete,
1787 3599 1836 3639 vos

223 3686 372 3747 potestates
384 3677 457 3731 aeris
474 3677 566 3746 hujus,
582 3686 609 3731 et
622 3693 639 3732 o
652 3677 788 3748 genimina
799 3679 955 3749 viperarum
970 3678 1004 3746 11,
1053 3679 1082 3734 ia
1102 3679 1158 3735 dio.
1174 3677 1214 3733 illi
1230 3680 1255 3732 in
1268 3682 1364 3750 ligura,
1377 3694 1426 3733 vos
1440 3678 1468 3733 in
1485 3679 1608 3733 veritate.
1627 3677 1662 3731 m
1680 3694 1736 3732 ecce
1745 3679 1772 3731 in
1787 3694 1838 3730 vrn-

219 3769 328 3825 anlerte
345 3778 436 3840 portas
459 3770 566 3835 mortis,
583 3770 659 3834 vitia,
674 3785 721 3839 per
740 3786 801 3840 quae
814 3770 939 3826 diabolus
964 3772 1007 3825 in-
1055 3772 1129 3827 tribus
1143 3772 1200 3827 σεῦ
1214 3771 1237 3824 F
1238 3772 1300 3825 ilius
1315 3771 1428 3825 dominis
1439 3771 1573 3826 veniebat:
1588 3770 1674 3826 nubes
1685 3771 1757 3836 coeli,
1771 3784 1839 3824 coro

167 3859 170 3874 ⁴
224 3872 275 3916 trat
286 3863 321 3919 ad
336 3864 433 3929 eorda,
445 3871 591 3932 etoporta
602 3862 749 3930 eternales,
761 3864 874 3919 virtutes
885 3862 1007 3919 adaeter·
1055 3863 1340 3932 insinuandarum
1353 3865 1445 3926 ducta,
1460 3863 1506 3918 sed
1521 3861 1639 3917 celestis
1652 3878 1660 3926 ;
1671 3862 1733 3931 qnia
1750 3859 1837 3930 Spiri-

223 3956 336 4009 uitatem
351 3952 493 4021 ducentes,
508 3953 646 4006 elevamini
660 3964 754 4008 corvtra
766 3955 842 4018 vitia.
859 3965 885 4009 et
900 3969 948 4024 per
957 3969 1007 4009 vos
1056 3968 1100 4015 tus
1113 3957 1200 4014 sancti
1213 3957 1368 4027 operatione
1379 3955 1494 4010 iormata
1508 3972 1515 4021 ;
1527 3954 1561 4007 de
1573 3969 1627 4023 qua
1642 3951 1744 4008 isaias:
1762 3970 1772 4003 r
1786 3951 1841 4006 ds·

222 4047 345 4101 introibit
360 4055 387 4102 et
403 4045 535 4101 habitabit
547 4044 773 4116 ileaglorioe,pni
794 4055 949 4117 regnaturus
968 4056 1007 4100 est
1056 4051 1147 4107 cendit
1164 4048 1297 4105 [lominus
1321 4061 1403 4119 snper
1428 4046 1528 4102 nubem
1553 4046 1639 4099 levem
1656 4045 1696 4111 11;
1715 4063 1724 4096 r
1750 4045 1839 4098 nubes

222 4145 246 4196 ia
261 4139 363 4213 populo
377 4137 475 4194 israel.
1055 4154 1107 4208 est,
1122 4143 1186 4213 quia
1201 4150 1311 4213 prestat
1331 4139 1502 4211 relrigerium
1518 4148 1613 4193 cotnra
1639 4149 1736 4194 aestum
1757 4137 1838 4191 vitio·

255 4233 289 4287 iit
302 4232 417 4288 attende
433 4231 506 4302 qrtod
520 4231 553 4286 ad
576 4232 685 4287 tertium
699 4245 808 4286 tersum
822 4246 875 4285 vion
891 4247 1007 4302 respon·
1056 4253 1133 4301 rum;
1154 4236 1230 4300 levis,
1247 4235 1337 4304 quiaa
1351 4232 1430 4303 culpa
1446 4231 1576 4286 immunis
1588 4239 1640 4286 εει.
1656 4231 1684 4285 1η
1701 4231 1752 4284 lrac
1766 4230 1839 4283 nubo

223 4325 299 4378 delur
315 4341 323 4376 ²
337 4319 438 4375 Nussiii
454 4321 543 4387 1101118,
558 4323 621 4389 quia
646 4327 737 4390 11111·θὸ
757 4318 824 4372 11011
841 4318 1006 4373 Testamenti
1056 4327 1225 4383 reniti-“ilius
1241 4326 1370 4390 bominis,
1380 4324 1446 4379 utin
1460 4323 1570 4377 Daniele
1579 4323 1735 4378 continetur
1751 4337 1842 4391 usquo

224 4416 366 4470 tertilicati
394 4422 459 4468 sunt
482 4409 1006 4481 deadreutuChristi3i'atresgratiae
1056 4424 1088 4477 211
1107 4422 1255 4493 antiquum
1271 4423 1389 4484 ntorum,
1405 4421 1431 4476 id
1444 4428 1484 4474 est
1499 4419 1681 4488 {equalitatem
1700 4414 1800 4470 Patris.

222 4511 286 4564 Geni
296 4518 365 4564 sulti
376 4509 528 4562 1181111101111
541 4506 621 4577 Regis
642 4506 743 4577 ssiOTiae.
753 4503 854 4559 Virtutis
864 4505 926 4574 (111111
937 4519 1007 4557 111111·
1091 4512 1168 4570 Unde
1185 4531 1270 4570 (cum
1282 4523 1354 4569 esset
1368 4513 1395 4567 ipp
1411 4514 1498 4567 [osma
1515 4510 1574 4578 Dpj⁹
1588 4526 1642 4565 non
1657 4510 1781 4580 rapinam
1793 4524 1841 4564 ap.

222 4617 302 4672 quam
318 4598 429 4654 suffecit
446 4615 497 4653 trec
514 4598 621 4662 suflicit,
639 4614 689 4652 nce
706 4597 821 4652 sulliciet
837 4596 903 4650 ludes
917 4595 1006 4649 incar·
1057 4607 1174 4662 pigmus
1191 4615 1232 4662 egr
1244 4621 1274 4661 ge
1287 4621 1347 4661 0350
1361 4605 1492 4675 {equalem
1504 4603 1561 4658 [ιω
1572 4605 1628 4659 ’ῃ
1647 4602 1683 4656 Er
1693 4603 1784 4656 darom
1799 4611 1842 4656 ese

222 4693 345 4748 nationis
359 4692 420 4746 sine
431 4691 484 4745 lide
498 4691 679 4745 sanctissimae
693 4689 845 4754 Trinitatis,
861 4689 922 4744 ideo
937 4687 1004 4742 sub·
1020 4677 1042 4732 1)
1055 4699 1079 4751 01·
1093 4711 1210 4768 rmum,
1224 4706 1247 4751 er
1260 4698 1352 4763 ponor,
1367 4696 1469 4751 scincet
1482 4712 1491 4745 r
1502 4710 1600 4750 nomen
1614 4694 1686 4765 quod
1699 4703 1740 4749 esa
1757 4710 1841 4764 snper

202 4787 342 4839 ·einitur:
368 4781 460 4836 Gloria
475 4781 564 4848 Patri,
589 4790 614 4835 et
635 4780 718 4846 Filio,
731 4789 756 4833 et
772 4778 886 4850 Spiritui
903 4788 1003 4832 sancto.
1056 4805 1137 4844 omne
1148 4803 1246 4843 „0men
1260 4788 1293 4853 ιι,
1305 4810 1315 4840 ‚
1328 4789 1400 4860 quod
1413 4796 1455 4843 egr
1469 4787 1503 4842 ab
1519 4796 1620 4842 aerprno
1635 4787 1739 4853 norrun,
1751 4788 1798 4842 sed
1811 4787 1839 4841 in

221 4877 332 4948 Elauia
344 4876 393 4946 qni
406 4877 482 4930 veuit
495 4876 523 4929 in
541 4875 704 4942 bumilitate,
722 4885 853 4929 venturus
869 4883 911 4929 est
924 4873 1005 4926 etiam
1057 4891 1182 4950 oppipare
1206 4877 1433 4934 manifestarum:
1459 4888 1486 4933 ea
1499 4894 1543 4933 res
1559 4886 1624 4932 anne
1647 4877 1748 4935 dicitur
1768 4876 1839 4931 deri.

204 4968 518 5040 'iu·majestate’¹,ideo
532 4967 735 5037 responsorium
750 4969 841 5023 denuo
855 4968 1006 5036 repetitur;
1057 4970 1167 5041 quavrdo
1181 4971 1334 5025 innotescit.
1354 4967 1431 5024 Unde
1447 4986 1454 5023 ε
1475 4986 1485 5019 r
1502 4966 1568 5024 bata
1583 4976 1625 5023 est
1638 4967 1705 5022 mihi
1719 4976 1842 5037 potestas

221 5064 249 5116 in
263 5061 429 5132 repetitione
444 5074 508 5114 vcro
528 5059 653 5114 nebulam
672 5060 791 5128 accipias
807 5058 840 5112 ad
864 5059 982 5112 litteram
998 5073 1005 5111 a
1058 5066 1084 5119 in
1099 5064 1179 5132 coeln,
1195 5072 1221 5118 et
1236 5064 1263 5119 in
1277 5075 1350 5118 terra
1362 5064 1397 5117 11.
1422 5061 1458 5116 iit
1475 5063 1559 5117 omnis
1574 5061 1698 5132 populns,
1715 5061 1799 5116 rrilns
1814 5071 1840 5114 et

222 5179 232 5212 r
251 5158 353 5214 Veniet
364 5156 478 5212 enim-in
489 5155 607 5211 nubibus
621 5154 682 5210 eoeli
694 5155 728 5208 11.
746 5174 755 5206 r
773 5155 849 5208 Sicut
863 5154 947 5209 nubes
961 5170 1008 5208 su·
1059 5154 1155 5223 lingna
1174 5155 1285 5207 servient
1302 5154 1341 5217 ei,·
1361 5167 1424 5206 narn
1446 5160 1476 5206 ut
1491 5151 1575 5206 isaias
1595 5152 1653 5207 nit:
1672 5149 1729 5204 siit
1742 5165 1843 5205 curm-

220 5255 310 5323 seepit
332 5265 408 5314 eum,
433 5249 473 5303 sie
495 5249 549 5303 erit
573 5248 659 5303 nubes
679 5258 706 5302 et
723 5247 811 5318 caiigo
838 5247 865 5300 in
890 5246 1005 5300 circuitu
1059 5249 1163 5301 buntur
1184 5247 1274 5302 onrtria
1300 5260 1399 5316 genua,
1421 5254 1449 5299 et
1471 5245 1574 5315 intrabit
1595 5243 1684 5298 omnis
1697 5242 1788 5312 lingua
1812 5242 1840 5295 in

222 5343 326 5412 ejus²'.
344 5339 393 5395 tet
403 5340 530 5404 breviter,
542 5350 600 5396 tres
612 5354 708 5394 versus
719 5355 781 5395 curn
790 5354 845 5392 nna
856 5337 947 5392 Gloria
962 5354 1006 5393 rc·
1060 5337 1174 5391 Dondno
1185 5338 1219 5392 11.
1241 5357 1250 5389 r

223 5441 402 5503 praesentant,
414 5431 486 5501 quod
499 5439 589 5500 patres
607 5430 689 5484 Ducum
704 5431 804 5484 trinum
821 5443 848 5484 et
862 5445 946 5483 unum
964 5430 1006 5482 iu-
1095 5430 1216 5486 i'otestns
1235 5433 1302 5501 ejus,
1327 5442 1441 5502 potestas
1465 5441 1574 5492 retortia,
1599 5443 1657 5497 prere
1672 5441 1722 5479 lton
1736 5426 1843 5494 aufero-

1856 5556 1889 5638 a

257 5697 433 5753 ”Putet
472 5694 636 5752 “vestm
675 5694 696 5728 11
712 5694 805 5750 blattis.
828 5695 855 5750 5.
894 5696 916 5728 11
932 5695 1026 5751 tlarrh.
1045 5695 1087 5750 15.
1127 5695 1148 5728 11
1171 5695 1294 5752 (letatii.
1331 5699 1354 5729 11
1369 5698 1436 5752 Gran.
1453 5698 1478 5752 i.
1516 5695 1539 5731 11
1557 5692 1629 5749 Psal.
1646 5693 1691 5749 85.
1728 5687 1842 5747 '‘trrarr.

227 5770 267 5824 12.
305 5767 484 5824 ”tes-atta
523 5768 547 5799 11
572 5765 710 5823 blattinis.
747 5768 770 5799 11
785 5767 937 5822 blattinis&
975 5767 998 5799 11
1023 5765 1286 5835 θειι.7;1.υε11;
1309 5771 1412 5824 deni.
1458 5771 1479 5800 11
1494 5767 1567 5823 usal.
1589 5766 1633 5820 llb'.
1679 5764 1832 5820 ''Getuib

225 5839 379 5895 '’itaui.
432 5838 598 5893 ”bamili
647 5835 806 5890 ¹¹loan.t.
857 5840 880 5868 11
907 5837 1057 5893 ilionltl.
1106 5837 1257 5893 ”habia
1305 5838 1428 5893 '‘Exorl.
1456 5839 1507 5903 51;
1529 5836 1674 5902 ilCor.3;
1699 5833 1842 5891 uxoreo.

225 5909 356 5965 “Tisia
406 5909 431 5946 11
445 5910 505 5962 liar.
521 5908 548 5961 5.
594 5907 720 5961 ⁸⁷lsa.i.
763 5907 786 5939 11
802 5906 920 5963 iiom.8.
968 5906 1155 5964 vitanti.
1204 5909 1226 5940 11
1247 5907 1325 5964 loan.
1346 5910 1388 5964 li.
1438 5911 1459 5941 11
1485 5909 1567 5965 'dacin
1595 5907 1639 5962 ii.
1690 5903 1844 5962 ”tonan

227 5979 388 6036 “Lucili
425 5978 513 6035 “lsa.
535 5979 577 6034 19.
614 5977 808 6048 erinippo.
850 5978 951 6034 ’‘lbid.
986 5978 1166 6033 ''dattlnili
1212 5980 1353 6038 ”isaii
1412 5999 1415 6008 ·
