4350 6709
351 526 423 584 socr
965 516 1120 581 suorum
1140 514 1275 580 sucum
1292 521 1350 580 xri.
1550 502 1556 511 ’
1899 527 1969 588 roes

350 641 492 714 praelatum
506 646 601 698 contra
616 637 783 693 voluntatem
794 634 965 706 imperatoris
983 636 1134 706 elegerunt.
1151 635 1174 693 Α
1220 633 1362 692 cxxxvi.
1381 634 1500 692 loannes
1509 630 1577 703 xiil,
1590 636 1701 694 natione
1714 637 1863 706 Romanus,
1875 656 1910 698 ex
1923 657 1972 711 pa»

349 734 428 802 Quod
445 733 557 788 audiens
573 730 730 800 imperator,
744 728 805 798 pius
819 728 846 782 in
861 727 901 781 ira
916 727 1029 792 exarsit,
1049 735 1076 783 et
1092 726 1147 781 ci-'
1186 736 1227 783 tre
1245 726 1351 784 loanne
1364 728 1504 798 episcopo,
1527 729 1604 799 prius
1628 727 1787 786 Narniensis
1810 733 1970 803 episcopus.

285 857 288 863 <
348 829 461 883 ritatem
482 823 602 893 undique
619 820 844 884 circumvallavit,
874 829 900 875 et
915 819 1031 875 dirersis
1047 817 1134 873 modis
1184 817 1339 880 snnosvn,
1357 818 1489 888 usquead
1504 834 1605 873 aunum
1620 816 1726 873 Domini
1740 819 1803 886 902,
1825 821 1871 891 qui
1893 838 1973 878 como

349 933 398 973 eos
407 917 619 984 circumquaque
634 913 738 967 atllixit.
754 909 783 965 ln
796 918 900 965 tantam
914 912 1006 980 itaque
1018 909 1134 980 captivi·
1185 907 1260 961 muni
1276 910 1396 962 omnium
1412 909 1544 965 electione
1564 909 1591 963 in
1603 910 1666 966 sede
1681 910 1762 966 sedit.
1791 909 1845 967 lste
1858 913 1901 967 rir
1921 913 1973 967 do·

350 1015 433 1062 tutem
446 1020 506 1062 eum
518 1004 640 1069 deduxit,
665 1011 694 1057 ut
709 1001 816 1058 modius
837 1001 950 1056 iurluris
968 1017 1022 1056 m
1037 1015 1135 1071 argen-
1183 1004 1256 1061 ctus,
1274 1006 1300 1052 et
1315 999 1463 1056 honorilice
1477 1001 1600 1059 eruditus
1614 1003 1713 1058 divinis
1738 1012 1765 1057 et
1777 1003 1920 1060 canonicis
1938 1005 1973 1058 li*

349 1098 402 1153 teis
415 1103 559 1152 emeretur.
577 1094 663 1160 Quam
679 1093 860 1164 pestilentiam
888 1094 962 1148 cives
984 1091 1056 1147 lcrrc
1079 1107 1134 1146 non
1185 1087 1253 1153 liris,
1266 1102 1281 1141 a
1293 1090 1438 1145 cunabulis
1452 1091 1478 1145 in
1496 1092 1615 1146 clericali
1630 1091 1725 1147 ordine
1735 1108 1859 1154 mancos,
1873 1094 1902 1148 in
1917 1093 1972 1148 La⁴

350 1191 483 1250 valentes,
498 1187 673 1242 Benedictum
688 1186 811 1257 quamvis
829 1185 1000 1240 innocentem
1017 1185 1135 1253 impera·
1184 1182 1320 1236 teranensi
1334 1182 1436 1252 palatio
1461 1184 1591 1240 ostiarius
1614 1186 1764 1255 psalmista,
1776 1187 1872 1251 lector,
1889 1202 1972 1243 exor-

349 1279 403 1334 tori
418 1278 597 1342 tradiderunt,
623 1284 650 1332 ct
666 1276 806 1331 dominum
825 1274 941 1331 Leonem
964 1282 1134 1344 receperunt,
1185 1271 1265 1334 cista,
1280 1274 1435 1345 acolythus,
1460 1276 1655 1340 subdiaconus,
1680 1277 1812 1334 diaconus
1831 1279 1860 1333 in
1873 1279 1971 1334 cadem

350 1376 523 1424 sacramento
548 1369 619 1423 lacto
640 1383 723 1438 super
749 1381 849 1445 corpus
874 1364 904 1420 B.
924 1363 1016 1430 Petri;
1041 1372 1068 1419 et
1093 1363 1135 1417 di·
1185 1363 1306 1420 Romana
1324 1365 1444 1422 Ecclesia
1460 1382 1508 1438 per
1521 1367 1665 1424 distinctos
1676 1368 1786 1425 ordines
1799 1378 1843 1426 est
1856 1372 1971 1426 ordina·

351 1462 426 1519 misit
440 1463 480 1518 eis
500 1462 647 1532 imperator
669 1459 810 1522 offensum,
834 1466 862 1513 et
887 1458 999 1513 recessit
1022 1457 1050 1511 in
1071 1456 1135 1511 Gal·
1155 1499 1160 1514 ,
1185 1467 1240 1523 tus,
1251 1464 1278 1511 ct
1294 1459 1341 1521 ita,
1359 1457 1414 1512 Boo
1432 1459 1550 1523 colente,
1565 1460 1721 1530 legitimect
1732 1463 1863 1519 canonice
1879 1465 1971 1532 ponti-

350 1551 427 1610 liam,
1185 1546 1228 1602 icx
1244 1557 1285 1603 est
1298 1547 1451 1603 ordinatus.
1462 1547 1610 1619 Postquam
1627 1550 1697 1605 sedit
1710 1567 1817 1608 meuses
1837 1569 1855 1608 ιι
1869 1562 1898 1608 et
1912 1555 1970 1609 dies

385 1641 528 1699 CXXXIV,
545 1641 601 1698 Leo
624 1657 728 1697 annum
756 1657 851 1706 unum,
872 1657 978 1697 menses
994 1657 1024 1697 ιη
1045 1640 1078 1697 de
1093 1657 1136 1696 pe.
1186 1637 1469 1706 ”incomprehensus
1486 1645 1528 1692 esi
1548 1649 1563 1692 a
1585 1637 1703 1694 Rofl'edo
1723 1642 1832 1715 comite,
1847 1651 1875 1698 θῑ
1889 1643 1972 1699 Pelio

350 1737 440 1807 pone,
451 1752 511 1806 quae
524 1744 636 1790 vocatur
645 1735 737 1792 cliuus
752 1735 916 1805 Argentarit,
928 1742 1045 1804 exprime
1057 1732 1137 1788 inan·
1185 1726 1314 1797 praclecto
1325 1743 1387 1782 cum
1402 1729 1503 1798 populo
1517 1727 1650 1795 Romano,
1662 1740 1689 1786 et
1705 1733 1840 1788 miserunt
1854 1735 1968 1790 illumin

351 1843 386 1882 ue
394 1826 629 1896 protoscriniario,
645 1833 725 1880 natus
735 1824 837 1884 Bomae.
855 1825 980 1880 rironrni
995 1826 1136 1880 honestate
1185 1819 1311 1873 exsilium
1336 1819 1362 1872 in
1379 1818 1566 1890 Campaniam,
1589 1830 1616 1876 el
1634 1823 1735 1877 mansit
1749 1823 1775 1878 iu
1794 1825 1855 1895 ipso
1872 1828 1970 1882 exsilio

350 1920 509 1990 praeclarus.
526 1916 576 1985 Qui
589 1919 676 1988 ejecto
689 1918 723 1972 ab
736 1919 898 1988 imperatore
909 1916 1007 1972 0ttone
1018 1916 1133 1980 loanne,
1186 1930 1294 1970 menses
1308 1932 1325 1968 x
1339 1922 1365 1969 et
1380 1916 1438 1971 dics
1457 1931 1553 1973 xxvrrr.
1574 1915 1639 1973 Post
1654 1928 1765 1975 mortem
1780 1937 1845 1977 uero
1858 1919 1970 1977 Bolrcdi

352 2018 382 2064 ut
405 2010 517 2072 dicitur,
534 2010 677 2074 scelerato,
700 2010 837 2065 communi
854 2010 986 2065 eloctione
1003 2018 1056 2064 tam
1070 2009 1136 2064 cleri
1153 1986 1172 2044 Β
1187 2021 1312 2062 reuersus
1335 2015 1378 2074 est
1403 2005 1526 2073 Romam,
1548 2014 1575 2062 ct
1599 2011 1709 2064 veniens
1734 2009 1796 2066 0tto
1821 2014 1972 2083 imperator

351 2117 433 2174 quam
449 2097 540 2172 populi
561 2107 729 2171 assumptus,
749 2108 926 2156 consecratus
941 2107 982 2155 est
995 2100 1023 2154 in
1036 2098 1136 2154 Roma·
1187 2114 1314 2169 magnam
1346 2098 1495 2152 uindictam
1530 2099 1564 2155 de
1593 2102 1694 2170 populo
1726 2100 1847 2158 Bomauo
1873 2104 1968 2172 lecit3

351 2205 417 2247 num
446 2190 600 2262 pontillcem
627 2205 675 2259 per
693 2204 813 2244 mensem
826 2186 952 2243 Becemb.
978 2189 1005 2242 in
1025 2187 1137 2243 Latera·
1186 2192 1255 2248 ulios
1279 2191 1307 2245 in
1331 2190 1454 2262 patibulo
1479 2192 1630 2261 suspendit,
1654 2200 1681 2247 et
1697 2194 1766 2250 ulios
1788 2195 1816 2248 in
1841 2197 1972 2252 exsilium

351 2283 430 2338 riensi
446 2281 639 2352 patriarchivo.
657 2279 706 2335 llic
724 2280 785 2335 lecit
798 2280 983 2336 ordinationes
998 2280 1025 2334 iu
1040 2281 1136 2337 eodem
1187 2281 1273 2336 misit.

351 2388 456 2437 mense,
468 2373 640 2443 presbyteros
651 2385 700 2435 ιιι,
713 2371 843 2426 diaconos
854 2387 884 2427 ιι.
900 2371 950 2426 llic
963 2372 1075 2426 collecta
1092 2387 1138 2442 sy·
1222 2370 1376 2429 C'Xllllllll.
1397 2371 1557 2429 Benedictus
1570 2371 1612 2438 Vl,
1634 2376 1744 2433 natione
1764 2376 1915 2449 Romanus,
1937 2356 1980 2441 ex¹

351 2466 423 2521 nodo
435 2464 529 2520 Romae
543 2462 571 2519 in
581 2464 694 2521 ecclesia
713 2461 742 2519 S.
758 2461 917 2527 saluatoris,
933 2466 965 2520 ad
981 2465 1134 2535 exemplum
1187 2472 1264 2534 patre
1279 2464 1461 2519 lliltibmndo.
1476 2464 1582 2518 Annum
1598 2481 1617 2528 ι,
1630 2481 1737 2524 menses
1747 2483 1774 2533 x,
1786 2471 1833 2540 qui
1844 2487 1860 2525 a
1870 2472 1973 2529 Boma-

351 2557 465 2614 Adriani
487 2558 642 2629 apostolicae
659 2557 733 2613 sedis
747 2556 878 2629 episcopi,
894 2558 940 2628 qui
955 2557 1065 2611 domino
1081 2556 1136 2612 Ca·
1186 2557 1230 2613 nis
1244 2557 1405 2612 criminatus
1419 2565 1447 2612 ct
1458 2558 1485 2611 in
1501 2559 1612 2613 castello
1626 2556 1654 2614 S.
1673 2559 1766 2630 Angeli
1782 2562 1972 2620 aCrescentio

352 2651 411 2706 rolo
422 2649 676 2705 invictoriosissimo
688 2649 743 2720 regi
756 2642 921 2703 Francorum
933 2658 960 2704 ct
974 2648 1138 2705 lombardo·
1185 2650 1333 2719 relegatus,
1346 2657 1373 2703 rt
1386 2651 1572 2721 strangulatus
1587 2658 1645 2718 est3
1664 2663 1750 2721 coque
1760 2653 1851 2709 adhuc
1864 2657 1971 2711 circntc

352 2755 413 2796 rum
442 2740 604 2811 patriciatus
625 2739 793 2810 dignitatem,
809 2755 841 2795 ac
856 2740 1054 2796 ordinationem
1068 2756 1137 2810 apo·
1186 2741 1342 2797 Boniiacius
1356 2742 1499 2797 ordinatus
1512 2749 1565 2805 est,
1585 2750 1612 2799 et
1624 2745 1717 2798 statim
1732 2745 1840 2814 pulsus,
1858 2756 1884 2803 ct
1897 2747 1971 2803 Con*

352 2833 456 2891 stolicae
472 2834 555 2899 sedis,
569 2835 596 2887 et
611 2832 797 2887 investitorum
818 2829 1007 2902 cpiscoporum
1023 2848 1138 2888 conces·
1187 2835 1389 2903 stantinopolim
1412 2835 1488 2902 petiit
1502 2834 1553 2888 sub
1567 2834 1665 2889 0ttone
1679 2836 1744 2905 imp.
1760 2836 1851 2891 adhuc
1871 2839 1970 2908 primo,

354 2927 401 2989 sit,
418 2926 454 2979 ita
471 2940 477 2975 ι
495 2923 550 2994 Epo
573 2922 636 2988 Leo,
659 2939 748 2976 seruus
771 2939 903 2977 seruorum
921 2924 979 2986 Dei,
1002 2925 1137 2994 episcopus
1186 2941 1258 2980 anno
1286 2925 1391 2980 Domini
1420 2926 1482 2981 ult.
1514 2924 1667 2981 Secundum
1696 2928 1767 2982 alios
1790 2928 1899 2995 ὓοιιιιε,
1928 2948 1971 2986 sc-

354 3033 413 3070 csrm
440 3025 534 3069 cuncto
557 3015 626 3069 ciero
646 3015 780 3083 depopulc
806 3014 923 3070 Bomcno
943 3017 1135 3079 coristituimus,
1186 3019 1305 3074 cundum
1318 3017 1775 3078 aliosBonit'acius.Bonusannum
1788 3038 1884 3092 unum,
1896 3040 1969 3079 nien*

353 3109 540 3177 confirmamus
553 3123 583 3160 cc
593 3106 804 3174 corroboremus,
817 3116 841 3159 et
851 3123 898 3176 per
906 3116 1024 3161 nestrum
1036 3117 1139 3177 aposto·
1187 3124 1232 3164 ses
1243 3125 1282 3164 ιιι.

354 3199 434 3254 licum
449 3199 632 3254 auctoritatem
647 3197 822 3261 concedimus,
847 3206 924 3269 utque
947 3200 1074 3268 lurpimur
1089 3201 1138 3254 do·
1221 3197 1386 3256 Clllllilllll.
1403 3199 1560 3259 Bonilacius
1573 3218 1620 3267 crs,
1646 3202 1757 3259 natione
1769 3202 1923 3268 Romanus,
1938 3222 1971 3262 ex

290 3307 297 3322 ·
353 3293 425 3347 mino
440 3289 530 3346 Ottoni
541 3290 637 3359 primo,
650 3289 703 3358 cepi
718 3287 929 3352 Teutonicum,
949 3289 1055 3358 ejusque
1076 3307 1137 3345 suc·
1150 3334 1171 3391 C
1187 3300 1264 3363 patre
1278 3290 1412 3356 Ferrutio,
1429 3292 1475 3362 qui
1495 3293 1585 3348 statim
1596 3293 1692 3363 pulsus
1706 3293 1971 3366 Constantinopolim

353 3382 501 3439 sessoribus
516 3381 594 3452 hujus
607 3381 678 3446 repni
693 3378 783 3436 ltatioe
804 3382 831 3436 irc
848 3391 1000 3451 perpetuum
1015 3389 1070 3435 torn
1086 3382 1136 3437 sili
1187 3382 1276 3454 petiit,
1306 3391 1333 3439 et
1360 3381 1521 3440 Benedictus
1537 3384 1613 3452 prius
1631 3382 1729 3440 Sutriae
1741 3386 1888 3456 episcopus
1903 3388 1969 3442 suli·

354 3477 509 3550 [cecitatem
521 3474 632 3545 elipendi
645 3490 830 3538 successorem,
845 3491 924 3544 quom
939 3491 1049 3528 cuncmoe
1067 3476 1137 3531 sedis
1187 3475 1321 3529 stituitur.
1337 3473 1388 3539 Qui
1406 3473 1561 3531 Bonilacius
1576 3475 1631 3531 imo
1646 3475 1804 3532 Maielecius
1820 3479 1898 3547 prius
1914 3493 1972 3532 ma-

353 3569 506 3644 apostolice
519 3566 668 3639 pontificem
684 3565 825 3620 ordinandi
848 3580 859 3619 .·
882 3582 914 3620 uc
926 3582 972 3635 per
984 3569 1032 3622 icoc
1050 3570 1138 3622 ccclii·
1187 3566 1212 3621 le
1223 3564 1374 3632 ordinatus,
1390 3578 1417 3621 et
1431 3568 1560 3636 expulsus
1576 3568 1673 3631 luerat,
1689 3576 1716 3624 et
1731 3568 1830 3624 iterum
1843 3571 1915 3626 male
1928 3586 1971 3626 re·

351 3664 498 3735 episcopos,
513 3676 559 3714 sec
575 3659 717 3728 episcopos,
748 3667 775 3711 ut
790 3659 841 3724 ipsi
856 3658 888 3711 ol
903 3675 932 3712 eo
956 3659 1137 3714 incestituram
1186 3672 1292 3723 uersus,
1309 3657 1427 3727 pessime
1453 3664 1590 3727 postremo
1612 3656 1757 3714 deiunctus
1774 3659 1845 3715 sedit
1867 3675 1969 3715 annum

353 3752 510 3825 succutiat,
524 3753 742 3804 consecrationem
764 3757 862 3813 cutem,
891 3749 957 3802 unde
974 3749 1076 3814 delient,
1091 3766 1137 3804 ec·
1187 3746 1244 3802 lere
1260 3763 1354 3802 unum.

353 3835 500 3916 ceptisdtis,
524 3859 588 3912 quos
604 3842 746 3911 imperator
762 3842 881 3910 potitipci
895 3851 919 3894 et
938 3841 1137 3911 orcliiepicccpis
1222 3837 1366 3894 cxxxix.
1377 3837 1542 3894 Benedictus
1554 3837 1611 3901 itt,
1637 3841 1747 3897 natione
1770 3839 1923 3906 lioruunus,
1937 3857 1971 3898 st

353 3937 491 4000 concessit,
506 3943 531 3988 et
546 3943 574 3987 ut
589 3950 663 3987 nemo
676 3933 795 3994 deinceps
811 3934 987 4004 cujuscunque
1000 3934 1136 4004 dipuitutis
1187 3935 1264 3999 putre
1279 3927 1373 3990 David,
1387 3927 1484 3982 Sutriae
1498 3931 1577 3984 ctiam
1590 3931 1744 4000 episcopus.
1756 3931 1851 3987 Annos
1865 3947 1904 3996 rx,
1920 3947 1969 3987 us-

353 4028 393 4085 ccl
412 4026 592 4098 relipiositctis
612 4025 740 4096 stipendi,
757 4025 795 4079 cei
808 4027 949 4094 patricium
964 4027 1018 4079 sice
1030 4027 1137 4095 pontifi·
1186 4036 1239 4091 que
1253 4022 1286 4075 ad
1298 4035 1398 4074 annum
1418 4021 1523 4075 Domini
1536 4022 1598 4076 985.
1626 4021 1684 4092 lpse
1703 4022 1796 4079 Ottoni
1812 4026 1967 4096 imperatori

354 4137 409 4176 cem
421 4135 530 4172 summe
545 4117 612 4171 sedis
624 4117 783 4184 apostolice,
796 4128 842 4169 cut
851 4133 1026 4187 poeniceusque
1038 4121 1137 4186 episco-
1187 4111 1218 4181 ll,
1230 4119 1257 4167 ct
1269 4111 1395 4166 lleinrico
1409 4113 1469 4167 duci
1485 4111 1615 4179 Bavariae,
1630 4124 1656 4170 et
1670 4117 1879 4187 archiepiscopis
1894 4113 1969 4171 Teu-

249 4268 254 4277 ,
353 4228 416 4282 pum
439 4206 579 4262 ordinandi
597 4204 690 4258 trateat
713 4206 877 4274 fucultatem,
895 4208 990 4277 aisque
1011 4224 1136 4261 consensu
1188 4206 1267 4258 toniae
1294 4205 1415 4275 scripsit,
1439 4212 1466 4259 ct
1491 4204 1671 4261 Laurcaceusi
1693 4207 1822 4263 Ecclesiae
1838 4209 1968 4263 honorem

354 4301 521 4371 imperatoris
536 4298 629 4367 ipsius,
648 4297 693 4368 qui
709 4306 795 4351 tcirren
811 4298 859 4366 fiet
872 4297 968 4369 uisque
981 4300 1051 4351 cmm
1060 4314 1137 4367 pecu·
1186 4297 1424 4365 metropolitanum
1440 4298 1572 4362 restituit;
1599 4297 1727 4368 Pilgrimo
1744 4300 1782 4355 ibi
1797 4316 1844 4356 sex
1858 4304 1967 4372 cpisco-

354 4396 410 4458 niu,
425 4403 450 4447 et
464 4393 519 4462 ipse
529 4393 563 4446 sit
574 4391 702 4458 petricius
716 4399 741 4444 et
755 4405 810 4445 rec.
825 4390 901 4457 Quod
920 4392 943 4444 si
959 4407 976 4444 a
990 4391 1044 4446 ltro
1054 4402 1077 4446 et
1089 4408 1137 4460 po·
1186 4404 1236 4459 pos
1254 4389 1438 4460 sulirugaueos
1452 4391 1609 4461 assignarit,
1634 4390 1668 4445 ita
1687 4392 1820 4456 videlicet,
1844 4402 1872 4447 ut
1889 4393 1968 4451 Salu-

353 4486 415 4554 puio
434 4483 492 4553 puis
504 4483 639 4550 episcopus
652 4481 776 4550 eiipctur,
799 4482 851 4535 uisi
876 4500 893 4533 c
913 4483 1065 4550 supradicto
1081 4500 1137 4555 repe
1186 4481 1330 4551 burgensis
1353 4480 1471 4536 Ecclesia
1487 4482 1635 4551 superioris
1650 4481 1804 4549 Pmmoniae,
1827 4486 1878 4540 ista
1904 4502 1970 4541 uero

354 4574 476 4630 tundetur
486 4584 511 4629 et
519 4575 683 4636 investiatur,
691 4591 741 4628 non
753 4574 1137 4646 consecretur.Si'quiscontrc
1187 4570 1324 4627 inferioris
1348 4569 1494 4626 Ptttttonire
1517 4573 1659 4642 episcopos
1685 4574 1803 4631 haberet.
1819 4575 1870 4631 Cui
1885 4577 1971 4633 etiam

353 4667 421 4723 icone
448 4667 621 4737 apostolicum
651 4667 836 4721 auctoritatem
870 4668 969 4738 aliquid
1000 4670 1135 4736 molietur,
1154 4662 1334 4736 pPilgrimus
1353 4663 1523 4720 sidenrsuam
1541 4665 1566 4722 in
1588 4667 1701 4736 epistola
1728 4668 1779 4722 siti
1805 4672 1971 4725 transmima

352 4760 421 4814 dunc
431 4759 692 4812 excommunicationi
707 4759 841 4828 subjacere
856 4760 1023 4822 decrert‘mus,
1040 4772 1064 4814 et
1083 4762 1136 4815 nisi
1187 4754 1338 4810 luculenter
1352 4759 1486 4826 ιῐιιθδιιίῑ,
1499 4763 1526 4811 θῑ
1540 4774 1589 4828 pro
1607 4759 1690 4828 pallio
1700 4759 1909 4816 transmittendo
1921 4776 1970 4815 ro·

354 4852 501 4913 resipuerit,
513 4851 677 4904 irrevocabili
687 4851 780 4904 exsilio
793 4853 893 4918 puniri,
910 4852 948 4906 cel
961 4852 1061 4905 ultimis
1073 4869 1136 4921 sup·
1185 4848 1268 4916 gatil-

353 4941 439 5012 p!iciis
454 4940 538 5008 feriri,
554 4939 606 4994 lstc
628 4938 691 4995 0tto
710 4939 770 4994 ideo
786 4940 889 5032 primus
908 4955 957 4994 rex
973 4938 1137 4994 Teutonico-
1222 4936 1300 4992 CXL.
1319 4937 1438 4994 inmunes
1452 4939 1521 5003 xlv,
1535 4941 1580 5011 qcri
1596 4951 1622 4996 et
1638 4940 1744 5006 Petrus,
1759 4949 1840 4998 natus
1865 4942 1966 5014 capte.

353 5048 414 5088 mim
425 5041 549 5094 vocatur,
561 5048 615 5086 uon
627 5032 698 5102 quod
712 5032 815 5102 primus
829 5032 900 5101 opud
913 5047 960 5086 eos
975 5034 1134 5102 regnaverit,
1187 5025 1262 5082 Sedit
1276 5045 1383 5084 mensos
1399 5047 1455 5087 ιιιι.
1469 5031 1553 5097 Quem
1570 5034 1693 5102 superior
1704 5033 1858 5091 Bonilacius
1871 5050 1968 5092 rerer-

355 5124 403 5179 sed
430 5123 502 5193 qrrod
523 5123 627 5193 primns
651 5138 682 5177 er
703 5122 743 5178 eis
764 5123 906 5191 imperium
922 5122 956 5175 nd
971 5120 1135 5176 'lcutouicos
1186 5136 1233 5177 sus
1245 5121 1490 5192 Constantinopoli,
1505 5123 1552 5178 ubi
1562 5123 1678 5194 lugeret,
1690 5126 1927 5197 comprehensum,
1940 5135 1968 5182 et

355 5212 475 5268 Francos
487 5213 663 5266 revocaverit.
1186 5212 1213 5267 in
1226 5212 1343 5267 Castello
1358 5211 1386 5267 S.
1404 5214 1498 5284 Angeli
1521 5215 1548 5267 in
1568 5215 1718 5269 custodium
1738 5231 1788 5284 pcr
1809 5233 1836 5272 rr
1858 5230 1968 5272 menses

387 5300 517 5358 cxxxv.
537 5300 698 5357 Benedictus
710 5299 744 5364 V,
760 5301 870 5357 natione
883 5300 1032 5366 Romanus,
1047 5318 1078 5359 cx
1088 5317 1135 5372 pn·
1185 5305 1275 5359 inedia
1289 5305 1504 5374 attritumjussit
1520 5307 1618 5362 occidi.
1636 5307 1720 5375 Cujus
1737 5308 1802 5364 sede
1814 5316 1908 5379 postca
1919 5324 1970 5379 per

353 5402 395 5449 tre
406 5393 520 5448 iocoue.
536 5391 611 5447 Sedit
628 5407 736 5446 menses
753 5408 784 5455 ιι,
804 5407 858 5461 quo
872 5391 970 5462 ejecto,
990 5398 1019 5445 ut
1033 5391 1134 5447 dictum
1185 5411 1293 5452 menses
1304 5411 1342 5460 xi,
1359 5397 1452 5453 invasa
1469 5398 1608 5455 subitanea
1626 5408 1710 5454 morte
1725 5407 1888 5469 preventus,
1904 5400 1969 5455 odio

353 5495 407 5553 est,
428 5486 545 5543 Leonem
561 5487 707 5556 imperator
720 5487 850 5550 restituit,
866 5494 893 5542 ct
917 5484 1089 5542 Benedictum
1108 5486 1135 5539 in
1186 5504 1297 5544 suorum
1325 5496 1514 5558 postmortem
1528 5504 1615 5546 caesus
1637 5498 1663 5545 et
1685 5491 1835 5555 lanceatus,
1853 5491 1969 5547 nudato-

354 5578 501 5635 Saxonicm
525 5579 610 5643 misit,
633 5579 677 5633 ulii
699 5577 726 5633 in
740 5577 879 5636 Bremensi
899 5579 1135 5650 archiepiscopatu
1185 5595 1238 5650 quc
1260 5596 1374 5651 corpore
1395 5590 1458 5636 ante
1475 5579 1647 5637 Constantini
1669 5584 1804 5640 catallum
1826 5585 1854 5640 in
1869 5600 1970 5657 campo

353 5671 441 5726 linirit
462 5671 490 5724 in
509 5670 605 5726 exsilio
626 5671 719 5726 uitam.
735 5670 820 5740 Cuius
834 5671 986 5741 ossaiussu
1000 5670 1073 5726 tertii
1085 5669 1135 5725 0t·
1185 5672 1333 5742 proiectus,
1352 5688 1431 5728 mane
1450 5686 1466 5726 a
1481 5674 1733 5743 supervenientibus
1745 5675 1852 5733 clericis
1864 5686 1908 5734 est
1923 5694 1971 5734 se-

352 5763 426 5818 tonis
441 5761 554 5818 Romam
570 5768 708 5832 reportata
723 5762 912 5817 venerabiliter
934 5767 999 5816 sunt
1018 5761 1136 5832 sepulta.
1185 5764 1287 5827 pullus.

354 5849 409 5906 leo
424 5860 513 5909 tanren
527 5853 609 5909 multa
622 5853 692 5910 mala
706 5867 852 5924 perpessus
867 5863 908 5910 cst
921 5852 1078 5910 altomouis
1093 5869 1135 5911 se·
1220 5852 1309 5911 Cllll.
1323 5854 1508 5926 toanncsxt,
1538 5861 1648 5918 natione
1668 5862 1818 5928 Romanus,
1839 5877 1873 5917 cx
1889 5870 1967 5932 patre

355 5944 456 6002 cundo,
1186 5946 1276 6007 leem
1287 5950 1453 6022 presbytero.
1467 5950 1562 6011 Annos
1575 5969 1603 6022 x,
1619 5968 1727 6011 merrses
1741 5970 1789 6020 vu,
1802 5953 1848 6026 qui
1862 5960 1890 6010 et
1904 5968 1969 6009 ora·
