4350 6709
224 509 279 569 tm

828 514 992 575 ttjstbttta
1011 520 1258 580 ntbtubbsltltt.

1808 534 1862 591 bii

224 626 309 683 niodo
332 635 360 682 et
381 626 477 683 ordine
492 642 547 698 quo
562 627 689 699 superius
700 637 743 685 est
765 639 905 701 notatum,
926 633 1018 689 statim
1034 643 1164 695 noomes
1177 638 1272 708 paucis
1290 637 1423 694 militibus
1442 655 1553 711 secum,
1569 642 1638 699 duce
1653 661 1715 701 crint
1740 648 1862 704 exercitu

224 720 312 776 abbas
326 718 518 777 Cisterciensts
532 729 559 777 ct
576 721 649 794 ipse,
665 723 764 780 ducem
789 723 954 797 Borgnnoiae
968 726 1016 783 ad·

222 822 300 880 eunt
313 821 342 870 et
353 811 481 872 comitem
494 810 692 873 Nirerueosem
706 826 818 874 orantes
827 826 855 874 et
866 819 1016 891 deprecan-

223 916 264 961 tes
289 917 321 969 ut
339 906 367 965 io
390 906 505 964 servitio
519 905 584 965 lesu
600 907 703 966 Cbristi
728 909 908 982 dignarentur
925 912 1016 969 adbuc

222 1000 425 1071 aliquantulum
441 1003 618 1061 commorari.
634 1002 735 1075 sobrie,
749 1003 823 1060 enirn
833 1013 913 1060 erant
926 1004 1015 1061 baere-

222 1093 341 1153 ticorum
366 1095 477 1151 castella
504 1097 590 1152 multa
608 1105 636 1153 et
651 1096 802 1153 lortissirna
824 1096 1014 1168 acquirenda:

223 1196 251 1242 ιιι
261 1186 337 1241 enim
349 1188 590 1258 pretermittimus
603 1188 757 1257 innumera,
773 1199 852 1247 erant
862 1191 936 1246 circa
948 1189 1016 1246 Car·

221 1291 369 1332 tastonam
386 1280 437 1333 tria
451 1288 541 1336 castra
559 1280 755 1348 munitissima,
773 1281 920 1353 inquibus
937 1279 1016 1337 liabi-

221 1367 317 1423 tabant
328 1377 393 1426 tunc
407 1372 540 1442 temporis
550 1373 680 1444 precipui
696 1372 759 1429 lidei
773 1382 875 1431 nostroe
896 1373 1012 1431 inimici.

1067 739 1244 798 remanente,
1259 738 1382 787 castrum
1396 733 1462 789 adiit
1477 743 1674 804 praenotatum,
1693 738 1766 809 qrmd
1781 754 1862 796 acco·

1065 832 1155 893 ptrtrn,
1172 832 1252 895 gente
1263 840 1313 881 sua
1328 826 1455 882 munivit.
1471 824 1527 884 Nec
1540 828 1709 885 reticendum
1724 832 1797 903 quod
1812 847 1862 887 eo·

1066 929 1125 969 nres
1140 912 1294 974 Tolosanus
1305 917 1353 987 qui
1368 916 1458 973 luerat
1470 917 1497 973 in
1509 918 1654 975 obsidione
1668 917 1861 987 Carcassonm,

1066 1006 1246 1084 felicibusque
1259 1011 1361 1069 nostris
1371 1011 1548 1069 successibus
1560 1012 1708 1079 invidebat,
1721 1016 1863 1071 consuluit

1065 1100 1158 1156 comiti
1174 1111 1269 1159 nostro
1294 1112 1324 1158 ut
1340 1104 1466 1174 quaedam
1486 1114 1578 1161 castra
1603 1122 1664 1177 qum
1678 1106 1768 1165 ricino
1784 1117 1862 1165 erant

1066 1201 1146 1250 terrae
1171 1194 1245 1251 illius
1262 1196 1370 1253 comitis
1396 1195 1527 1254 Tolosani
1554 1199 1658 1254 destrui
1670 1198 1781 1257 laceret.
1801 1200 1862 1273 lpse

1064 1287 1148 1342 etiam
1165 1286 1244 1358 quasi
1258 1288 1310 1344 sub
1324 1289 1414 1359 specie
1434 1289 1500 1345 boni
1515 1290 1549 1346 ad
1565 1291 1732 1348 voluntatem
1751 1293 1861 1349 comitis

1065 1378 1165 1446 nostri,
1185 1380 1276 1451 aliqua
1293 1380 1403 1437 castella
1427 1381 1551 1439 londitos
1564 1384 1672 1452 orertit,
1687 1394 1715 1440 et
1730 1386 1860 1441 combus-

220 1458 289 1517 Erat
305 1463 407 1533 quippe
419 1479 452 1520 ex
469 1480 524 1522 una
537 1476 615 1538 parte
625 1467 761 1537 llincrba,
777 1484 811 1525 ex
822 1468 876 1524 alia
891 1477 1013 1526 castrum
1064 1472 1115 1538 sit,
1129 1472 1181 1529 sub
1202 1472 1254 1529 lroc
1269 1473 1373 1531 scilicet
1394 1483 1525 1547 praetextu
1541 1491 1575 1532 ne
1589 1485 1699 1534 nostros
1712 1477 1745 1535 de
1760 1488 1859 1535 caetero

220 1552 365 1625 finarum,
381 1556 416 1612 ab
432 1559 485 1614 alia
508 1557 687 1618 Cabarerom.
702 1560 762 1618 Dor
783 1572 875 1619 autem
889 1562 1014 1635 Burgun-
1065 1563 1268 1639 impugnarent.
1286 1564 1343 1622 lloc
1355 1566 1417 1623 ideo
1436 1566 1554 1623 iaciebat
1570 1567 1613 1623 illo
1628 1568 1748 1639 perlldus
1765 1577 1793 1624 ct
1804 1569 1857 1625 ini-

219 1649 283 1717 diae,
299 1660 393 1721 utpote
414 1652 644 1725 berrignissimus,
662 1656 779 1726 benigne
802 1656 1014 1729 deprecantibus
1064 1671 1152 1723 quus,
1165 1657 1230 1728 quia
1251 1657 1360 1714 volebat
1373 1660 1446 1731 quod
1470 1667 1541 1715 terra
1556 1658 1601 1714 illa
1616 1660 1817 1732 destrueretur,
1831 1668 1859 1719 et

218 1743 379 1814 acquievit,
401 1746 582 1818 promisitque
603 1764 652 1818 por
675 1749 878 1821 aliquantulum
907 1759 1014 1822 tempus
1064 1748 1157 1805 bullus
1172 1748 1301 1806 resistere
1311 1758 1406 1821 posset
1420 1750 1456 1806 ei.

218 1849 283 1890 cum
299 1835 342 1891 eis
356 1835 390 1891 ad
413 1836 470 1892 lraec
493 1845 676 1896 moraturum.
700 1839 800 1898 Comes
812 1853 903 1898 autern
918 1840 1015 1898 Nirer·
1352 1840 1468 1899 CAPUT
1485 1842 1567 1899 xxii.

218 1925 319 1988 nensis
332 1927 408 1984 nullo
431 1929 512 1985 modo
528 1930 613 1986 rotun
629 1931 842 2004 deprecantibus
861 1934 1011 2007 obaudirc;
1206 1934 1298 1992 Intrat
1311 1952 1397 1992 comet
1409 1935 1559 1992 Albimrrem
1572 1938 1714 1996 diocesim.

218 2019 268 2077 sed
295 2021 389 2077 statim
414 2024 449 2078 ad
476 2025 588 2096 propria
604 2027 756 2082 remeavit:
777 2042 832 2083 uon
848 2029 920 2088 enirn
943 1992 1050 2086 beneB
1102 2026 1171 2084 Cum
1184 2027 1242 2086 lraec
1256 2039 1411 2100 agerentur,
1434 2028 1585 2102 burgenses
1607 2030 1751 2100 eujusdam
1777 2030 1857 2087 nobi·

216 2113 423 2171 conveniebant
445 2116 501 2172 dux
524 2125 553 2173 et
577 2133 670 2174 comes
685 2118 746 2189 ille;
764 2121 812 2177 sed
827 2122 915 2179 bostis
938 2123 1013 2194 paris
1064 2120 1164 2178 lissirni
1179 2122 1261 2178 castri
1277 2120 1350 2192 quod
1365 2119 1466 2177 dicitur
1486 2119 1582 2179 Castra
1604 2122 1631 2178 ln
1647 2121 1786 2195 albigensi
1801 2131 1857 2180 ter·

216 2207 347 2266 diabolus
358 2209 394 2265 ita
411 2209 482 2268 inter
497 2212 559 2268 illos
574 2225 685 2270 mutuas
704 2214 865 2273 inimicitias
885 2216 1012 2285 acuebat,
1065 2214 1175 2278 vitorio.
1189 2224 1324 2269 venerant
1338 2212 1373 2269 ad
1387 2212 1516 2269 comitem
1539 2225 1675 2283 nostrum,
1690 2216 1779 2286 parati
1793 2231 1856 2272 eum

217 2298 293 2370 quod
306 2299 437 2356 timebant
449 2302 571 2372 quotidie
585 2305 672 2359 nostri
689 2319 723 2359 ne
736 2321 766 2361 se
786 2313 883 2361 mutuo
902 2305 1013 2362 occide·
1063 2304 1203 2374 suscipere
1220 2303 1248 2358 in
1274 2302 1416 2360 dominum
1435 2312 1463 2359 et
1484 2301 1574 2359 lacere
1595 2298 1656 2376 ojn's
1677 2306 1855 2365 voluntatem.

215 2401 291 2450 rent.
316 2391 538 2450 Presnmobator
552 2397 634 2452 etiarn
652 2413 667 2452 a
682 2399 803 2464 nostris,
819 2399 893 2470 quod
919 2414 1012 2456 comos
1062 2393 1211 2451 Corrsnloit
1234 2410 1300 2466 ergo
1327 2394 1382 2451 dux
1397 2394 1491 2452 comiti
1515 2406 1544 2450 ut
1556 2396 1608 2451 iret
1621 2405 1647 2451 et
1662 2400 1797 2469 acciperet
1808 2414 1856 2454 ca·

216 2485 408 2554 llirernensis,
420 2505 475 2543 non
488 2489 555 2545 satis
570 2490 670 2546 bonam
682 2492 793 2563 gerebat
807 2506 871 2563 erga
885 2501 1011 2549 nostrum
1063 2495 1152 2544 strum
1169 2486 1247 2554 illud,
1261 2486 1325 2558 qnia
1345 2488 1422 2558 quasi
1437 2497 1520 2560 coptu
1542 2500 1602 2545 crat
1618 2489 1705 2546 totius
1725 2491 1857 2546 territorii

217 2583 348 2643 eoniitcnr
362 2584 529 2638 voluntatem
540 2625 548 2652 ,
560 2600 593 2639 eo
616 2586 689 2656 qnod
713 2601 806 2641 centes
821 2594 915 2640 noster
931 2584 1011 2640 lariti·
1062 2578 1229 2650 albigensis.
1252 2576 1302 2633 lvit
1324 2593 1389 2649 crgo
1402 2593 1495 2635 comes
1511 2594 1572 2635 cum
1588 2579 1695 2650 paneis,
1708 2579 1778 2635 duce
1793 2595 1856 2635 conr

218 2676 298 2731 liaris
312 2683 370 2730 erat
392 2675 471 2731 ducis
496 2675 674 2747 Burgundio,
691 2685 718 2732 et
732 2692 795 2733 com
809 2691 844 2733 eo
857 2685 970 2733 renerat
995 2692 1010 2731 a
1061 2672 1183 2729 exercito
1208 2673 1349 2731 derelicto.
1377 2672 1490 2730 Factum
1515 2684 1557 2730 cst
1578 2683 1668 2730 antem
1700 2678 1764 2730 ctum
1785 2684 1858 2734 osset

217 2767 344 2838 partibus
355 2767 513 2824 Gallicanis.
532 2767 555 2825 0
571 2778 674 2840 quanta
689 2768 796 2840 antiqui
821 2768 910 2824 bostis
933 2768 1012 2824 mali·
1062 2780 1157 2821 comes
1173 2766 1200 2820 in
1216 2764 1349 2838 predicto
1363 2775 1467 2833 castro,
1483 2774 1511 2821 et
1531 2765 1657 2822 lromines
1674 2768 1757 2824 castri
1774 2766 1857 2824 lecis-

218 2863 274 2928 tia,
291 2863 339 2933 qui
355 2862 558 2933 promotionem
574 2864 675 2935 negotii
698 2861 764 2919 Jcso
789 2861 892 2921 Christi
917 2863 1012 2920 ridens
1062 2865 1124 2913 sont
1142 2857 1168 2913 ei
1184 2857 1349 2925 hominium,
1372 2868 1550 2930 castrumque
1566 2859 1754 2927 tradidissent,
1779 2875 1859 2915 rene·

216 2970 245 3024 et
257 2960 392 3026 inridens,
405 2959 537 3030 impedire
551 2959 638 3015 roluit
652 2958 726 3030 qood
740 2957 827 3014 doluit
838 2958 1010 3029 promoveri!
1062 2958 1129 3005 runt
1151 2949 1186 3005 ad
1209 2965 1272 3006 eum
1301 2951 1403 3008 milites
1415 2951 1561 3024 cujusdam
1583 2951 1668 3007 castri
1691 2951 1857 3008 nobilissimi

217 3033 363 3109 Exercitus
387 3050 522 3120 siqnidem
544 3049 799 3121 crucesignatorum
822 3048 870 3119 qui
900 3047 1013 3105 luerunt
1062 3058 1148 3114 prope
1159 3044 1267 3103 albiam
1287 3044 1400 3101 nomine
1414 3043 1549 3102 Lurnbers
1560 3045 1648 3116 parati
1662 3043 1752 3101 iacere
1762 3042 1856 3101 cvtrnitl

217 3147 247 3200 in
275 3143 421 3200 obsidione
434 3141 613 3198 Carcassonae
631 3152 691 3198 erat
708 3150 765 3199 mm
784 3156 900 3212 magnus
915 3130 1013 3197 et'lor-
1063 3139 1137 3194 sicut
1152 3135 1274 3193 fecerant
1288 3135 1374 3192 illido
1389 3138 1499 3195 rastris.
1510 3135 1617 3194 Nobilis
1630 3154 1695 3195 roro
1705 3153 1797 3195 comes
1808 3154 1856 3195 ro·

216 3238 255 3295 tis
268 3238 341 3308 qood
362 3236 386 3291 si
399 3234 514 3290 ulterius
528 3233 658 3289 voluisset
671 3234 819 3304 procedere
832 3243 860 3289 et
873 3232 1012 3289 uttaninri·
1063 3227 1123 3287 lens
1138 3229 1228 3286 redire
1250 3229 1284 3285 ad
1299 3230 1461 3298 exercitum,
1477 3229 1566 3287 noluit
1584 3239 1650 3285 tunc
1664 3230 1703 3284 ire
1725 3246 1789 3287 cum
1803 3230 1855 3297 eis,

217 3339 262 3384 ter
276 3325 402 3398 persequi
422 3323 582 3381 ortlrodoxae
606 3323 668 3380 ddei
698 3323 844 3392 inimicos,
860 3339 915 3380 non
939 3324 1047 3410 inve-c
1064 3322 1113 3380 sed
1126 3334 1230 3378 tantum
1246 3322 1350 3392 recepit
1365 3321 1392 3376 in
1406 3337 1457 3378 soa
1472 3321 1644 3395 protectione
1660 3323 1857 3390 castrumdu-
1898 3362 1901 3367 -

215 3418 325 3477 trientes
346 3416 394 3488 qni
418 3415 577 3473 resisterent
590 3415 649 3483 eis,
667 3425 751 3474 totam
772 3420 965 3476 terramillam
982 3420 1011 3476 in
1063 3430 1114 3470 trec
1129 3415 1169 3471 irc
1179 3422 1273 3485 posset
1286 3421 1409 3485 ternpore
1420 3415 1594 3484 competenti.
1606 3412 1767 3469 illrnenlom
1780 3413 1856 3484 quod

172 3522 176 3529 '
216 3511 294 3569 brevi
312 3511 456 3582 acquirere
479 3509 644 3581 potulssent.
666 3507 735 3578 Sed,
750 3510 779 3565 in
796 3521 929 3582 quantum
956 3513 1011 3568 bu·
1062 3507 1179 3578 contigit
1195 3506 1224 3562 in
1243 3515 1335 3563 castro
1350 3506 1384 3563 de
1397 3505 1515 3573 Castris,
1538 3503 1725 3578 inpraesentia
1746 3505 1856 3560 conritls

216 3620 300 3661 rrraca
312 3604 382 3676 ratio
398 3611 487 3674 potest
513 3603 762 3674 comprehendere,
781 3619 901 3676 superna
923 3605 1011 3677 pietas
1029 3608 1031 3613 ’
1062 3599 1203 3657 noluimus
1218 3599 1370 3672 praeterire.
1388 3596 1549 3654 Praesentati
1571 3596 1683 3653 luerunt
1696 3596 1752 3653 duo
1768 3598 1856 3654 lraere·

216 3699 280 3754 ideo
295 3697 375 3753 aliter
390 3696 552 3762 ordinabat,
566 3695 630 3768 quia
649 3695 776 3753 videlicet
796 3696 908 3753 bomani
928 3713 1012 3769 gene·
1063 3689 1110 3748 tici
1124 3692 1175 3762 ipsi
1189 3691 1284 3748 comiti
1300 3710 1306 3746 :
1323 3692 1393 3747 alter
1416 3699 1508 3748 autem
1521 3708 1618 3749 eorum
1640 3688 1778 3763 perlectos
1795 3699 1855 3748 erat

216 3789 256 3848 ris
268 3787 349 3845 saluti
361 3785 519 3856 providens,
532 3786 742 3856 acquisitionem
757 3797 838 3844 terrm
849 3788 936 3845 voluit
945 3804 1011 3860 pcc·
1062 3784 1090 3839 lu
1104 3798 1179 3841 secta
1193 3785 1343 3853 ltaereseos,
1356 3783 1425 3841 oller
1446 3800 1511 3842 terr
1523 3794 1582 3841 crat
1593 3785 1673 3858 (quisi
1694 3783 1816 3840 novitius
1827 3793 1856 3839 el

216 3880 361 3939 catoribus
379 3895 531 3936 reservare.
554 3877 621 3936 Pius
634 3878 745 3950 quidem
769 3879 902 3940 Dominus
928 3882 1010 3943 simul
1061 3874 1213 3949 discipulus
1229 3875 1353 3934 alterius.
1375 3874 1475 3933 llabito
1492 3891 1584 3934 comcs
1609 3875 1745 3943 consilio,
1768 3874 1856 3928 roluit

218 3975 247 4030 in
262 3973 338 4029 brevi
354 3971 426 4027 liniri
443 3972 530 4028 noluit
549 3973 752 4029 sanctissimam
765 3989 892 4044 guerram
909 3975 1009 4045 istam,
1061 3980 1092 4024 ut
1106 3968 1188 4023 atubo
1206 3968 1433 4038 irrccndercutur;
1449 3968 1518 4025 alter
1530 3984 1596 4024 vero
1618 3968 1728 4024 illorum
1744 3965 1854 4022 lraeroti·

187 4097 196 4115 .
216 4082 267 4139 per
285 4068 337 4122 boc
351 4066 500 4137 providens
514 4066 707 4138 peccatoribus
727 4068 761 4122 ad
786 4067 911 4135 veniam,
926 4069 1010 4139 iustis
1061 4081 1169 4133 corum,
1186 4064 1231 4121 ille
1254 4064 1381 4122 videlicet
1396 4063 1443 4137 qui
1466 4075 1527 4121 erat
1549 4063 1703 4134 discipulos
1728 4061 1853 4129 alterius,

215 4150 253 4231 'ad
268 4159 384 4233 gratiam
399 4158 577 4229 ampliorem,
593 4157 727 4229 paulatim
741 4167 770 4215 et
784 4161 940 4217 successive
958 4162 1010 4218 iro·
1061 4170 1153 4214 tactus
1163 4157 1259 4215 dolore
1270 4157 1360 4215 cordis
1371 4157 1539 4215 intrinsecos
1552 4157 1635 4228 cmpit
1646 4154 1779 4222 converti,
1792 4170 1855 4225 pro·

216 4261 274 4313 stes
286 4266 353 4310 suos
369 4250 456 4306 voluit
470 4248 621 4323 subjugari,
635 4250 738 4307 utdum
749 4251 882 4321 paulatim
898 4263 926 4309 et
945 4269 1010 4309 snc—
1061 4252 1191 4323 misitque
1210 4252 1282 4325 quod
1300 4251 1416 4307 libenter
1431 4250 1571 4321 abjuraret
1585 4249 1722 4315 baeresim,
1736 4258 1854 4304 sanctae·

214 4344 322 4403 eassire
330 4358 457 4416 proceres
467 4359 497 4399 se
508 4344 723 4415 accingerentad
732 4343 926 4402 vindicandam
937 4346 1010 4418 inju-
1060 4342 1160 4421 quell.
1177 4342 1208 4398 Ε.
1223 4359 1273 4417 per
1295 4343 1388 4400 onmia
1403 4341 1537 4399 obediret.
1562 4340 1623 4409 Quo
1649 4339 1760 4403 audito,
1782 4338 1854 4395 lacta

197 4434 288 4509 ,ptem
302 4434 368 4497 Jesu
380 4434 494 4503 Christi,
509 4435 673 4508 prolongata
688 4451 787 4507 guerra
800 4445 909 4510 tempus
923 4438 1010 4495 vertite
1059 4444 1104 4491 est
1122 4433 1235 4506 grandis
1253 4434 1398 4490 altercatio
1411 4435 1483 4489 inter
1507 4441 1617 4489 nostros
1631 4451 1638 4486 ε
1654 4431 1765 4503 quidum
1779 4431 1853 4487 cninr

192 4500 198 4519 ¹
212 4512 412 4601 'peccatoribus
426 4529 631 4606 prolongarent.
1059 4529 1198 4592 dicebant,
1212 4527 1285 4603 quod
1296 4544 1330 4582 ert
1341 4543 1397 4598 quo
1408 4527 1454 4583 ille
1468 4539 1581 4598 paratus
1594 4535 1652 4582 erat
1665 4542 1696 4582 ea
1711 4541 1772 4598 qum
1783 4525 1854 4581 iliri-

511 4617 627 4675 usrbr
645 4619 718 4677 XXI.
1063 4637 1126 4679 rous
1151 4620 1311 4693 adimplere,
1332 4636 1387 4675 non
1410 4620 1524 4676 debebat
1550 4629 1639 4675 nrorte
1664 4618 1852 4674 cotrdemnarl.

380 4709 551 4785 &pugnatio
568 4713 659 4769 Curtii
674 4713 697 4767 F
697 4712 843 4771 ant-torte.
1027 4699 1118 4769 Dalii
1132 4713 1287 4773 econtrario
1308 4712 1469 4769 asserebant
1486 4710 1560 4766 illum
1573 4723 1634 4766 esse
1645 4725 1723 4764 reum
1738 4707 1853 4776 mortis3

251 4802 352 4875 Paucls
362 4806 460 4862 diebus
473 4805 544 4875 apud
559 4805 760 4863 Carcassonam
785 4808 912 4880 peractis,
929 4806 1012 4867 exivit
1063 4817 1120 4862 tum
1133 4806 1199 4878 quia
1212 4805 1388 4862 manifestum
1401 4813 1460 4862 erat
1475 4805 1563 4876 ipsum
1580 4803 1666 4859 luisse
1676 4801 1852 4871 lraereticum;

215 4894 316 4951 nobilis
341 4907 435 4949 conres
456 4910 470 4948 a
501 4894 612 4950 civitate
626 4912 690 4952 com
702 4896 772 4954 duce
785 4906 813 4953 ct
824 4914 921 4970 magna
935 4908 1012 4969 parte
1061 4910 1121 4956 tom
1136 4900 1201 4971 quia
1213 4899 1362 4972 putabatur
1379 4897 1453 4970 quod
1464 4912 1496 4954 ea
1508 4914 1570 4972 quae
1583 4896 1701 4965 dicebat,
1712 4896 1805 4968 potius
1817 4897 1853 4952 ti-

215 4983 363 5051 exercitus,
381 4982 527 5059 adjuvante
538 4982 667 5055 llomino,
680 4987 795 5045 ulterius
809 5004 1009 5060 processuros:
1062 5011 1139 5051 nrore
1160 4993 1329 5050 imminentis
1347 4992 1445 5049 mortis
1458 4992 1639 5063 promitteret,
1651 5007 1734 5064 quarn
1759 5006 1853 5047 eruore

215 5077 337 5150 uatium
351 5076 425 5132 etnim
443 5092 507 5149 pars
521 5077 659 5140 exereitus
669 5091 820 5138 recesserat
833 5098 895 5138 enrn
911 5083 1012 5148 vomite
1060 5089 1225 5146 christiane
1252 5086 1394 5161 religionis
1418 5085 1607 5143 observande.
1644 5084 1717 5153 Quid
1753 5084 1854 5158 plorat

214 5166 389 5239 llivernerrsi.
414 5167 554 5231 ilorentos
581 5170 664 5242 igitur
688 5187 705 5228 a
732 5170 922 5240 Carcassona,
951 5175 1011 5246 ipsa
1060 5179 1608 5252 sequier-ttcomesqoodconrbureretor
1623 5178 1674 5234 bac
1690 5178 1851 5243 intentione,

214 5262 260 5319 die
274 5262 358 5333 litere
374 5261 491 5317 tcutoria
513 5262 585 5338 apud
607 5263 701 5320 villam
717 5265 876 5337 quamdam,
890 5283 950 5337 que
964 5268 1011 5324 ΑΙ·
1060 5275 1134 5345 quod
1150 5274 1172 5337 si
1188 5289 1262 5328 nunc
1272 5281 1461 5340 convertatur,
1482 5271 1553 5346 ignis
1567 5280 1639 5326 esset
1656 5269 1681 5324 ei
1694 5283 1746 5341 pro
1756 5268 1852 5340 capia·

214 5368 286 5429 gotta
298 5352 451 5410 dicebatur.
468 5352 498 5409 lu
514 5355 636 5413 crastino
651 5356 791 5413 consuluit
803 5357 860 5414 dux
872 5359 964 5414 moniti
981 5369 1012 5415 ut
1062 5377 1135 5423 tone
1146 5375 1333 5437 peccatorum,
1348 5367 1372 5421 si
1384 5381 1449 5422 vero
1461 5365 1524 5422 llcte
1534 5365 1705 5435 loqueretur,
1720 5361 1853 5432 reciperet

215 5445 268 5509 liei
280 5445 316 5518 ati
327 5458 448 5503 castrum
462 5450 598 5520 quoddam
613 5449 685 5523 quod
696 5449 795 5505 dicitur
807 5448 912 5506 Fanum
923 5448 1008 5513 lutis.
1060 5473 1110 5530 pro
1126 5458 1238 5528 pertidia
1260 5458 1401 5514 talionem.
1428 5455 1515 5529 Ligoti
1529 5466 1595 5514 sunt
1609 5470 1675 5529 ergo
1691 5452 1773 5509 ambo
1787 5454 1853 5510 stri·

213 5538 344 5596 Castrum
359 5541 495 5613 siquidem
518 5542 600 5611 illud,
615 5558 631 5598 a
644 5542 777 5600 militibus
799 5552 827 5600 et
850 5544 1010 5602 bominibus
1060 5551 1190 5608 cteduris
1203 5549 1320 5607 vinculis
1332 5561 1359 5611 et
1372 5549 1543 5617 lortissimis,
1557 5563 1607 5619 per
1623 5561 1716 5613 crura,
1728 5554 1851 5603 ventrem

213 5631 274 5695 suit
289 5632 389 5705 timore
404 5648 561 5691 nostrornm
578 5638 752 5703 derelictum,
768 5637 938 5694 intraverant
948 5640 1010 5710 qui·
1059 5653 1087 5698 ct
1098 5643 1211 5711 collum,
1229 5644 1359 5701 manibus
1374 5644 1456 5699 etiam
1472 5651 1534 5715 post
1547 5651 1622 5713 terga
1639 5640 1852 5711 revirescam

213 5724 278 5791 dam
300 5727 402 5801 milites
420 5729 638 5803 arragonenses,
653 5731 701 5803 qui
724 5740 805 5787 erant
827 5747 889 5787 cunr
909 5733 1010 5788 comite
1059 5735 1144 5803 lacto,
1157 5737 1307 5809 inquiritur
1318 5738 1353 5795 ab
1364 5738 1411 5794 illo
1427 5738 1454 5799 in
1475 5752 1528 5809 qna
1542 5734 1595 5793 ilde
1608 5737 1689 5794 rellet
1701 5737 1790 5807 mori;
1802 5736 1851 5809 qul

216 5828 313 5883 nostro
336 5830 364 5876 et
386 5822 560 5888 munierant;
583 5822 659 5892 plura
673 5823 747 5879 enirn
763 5823 797 5879 de
819 5823 940 5879 inimicis·
963 5840 1009 5887 ca·
1059 5833 1098 5892 ,eir
1115 5848 1121 5887 :
1140 5850 1149 5883 t
1165 5830 1272 5901 Atljpro
1293 5830 1456 5902 pravitatem
1477 5832 1646 5898 haercticam,
1663 5831 1691 5887 in
1705 5830 1759 5889 ttoe
1771 5828 1849 5890 Ml.

214 5911 303 5969 stellis
328 5913 510 5971 nobilioribus
523 5925 550 5970 et
565 5913 724 5972 tortioribus
755 5926 858 5975 terrore
888 5919 1008 5975 crocesi-
1041 5926 1090 5997 ¹t..
1107 5924 1262 5992 rolomori,
1276 5939 1360 5982 orans
1373 5923 1481 6003 utmibi
1497 5934 1594 5997 vepro
1608 5924 1850 5998 purgatorloignit

215 6013 363 6081 gnatorum
383 6024 469 6068 vacua
486 6008 595 6069 lucrant
613 6012 750 6073 derelicta.
769 6015 924 6089 assumptis
942 6032 1006 6091 ergo
1057 6019 1120 6079 iste.
1140 6040 1149 6072 ι
1168 6016 1306 6079 detonsus
1321 6027 1364 6077 cst
1383 6018 1466 6093 igitur
1486 6017 1557 6117 ignis
1573 6018 1646 6077 circa
1667 6018 1787 6095 stipitem
1801 6034 1836 6087 co
