4350 6709
361 515 420 623 ,isa-'¹
963 505 1120 565 mourut
1139 502 1275 561 SAECUld
1294 501 1350 559 tlt.
1931 500 1975 558 illl

366 608 596 698 concupiscentiis
617 626 702 680 nutrit
715 629 743 680 et
762 623 845 679 fouet.
866 620 949 692 Spina
964 619 1086 690 grossior
1107 622 1150 674 est
1164 622 1186 679 Α
1200 613 1278 677 (litii,
1293 614 1337 670 dic
1357 623 1384 671 ei
1404 621 1433 667 tu
1449 632 1456 668 2
1470 613 1654 684 imperfectum
1675 631 1759 670 mem
1778 611 1898 668 tt'iiwi
1915 611 1979 667 ΜΕ

367 726 393 774 et
408 725 499 789 aperte
513 717 647 785 vulnerat.
661 714 791 771 Tribulus
807 714 905 770 subtile
926 725 1040 766 acumen
1055 709 1145 773 habet,
1198 708 1237 760 tui
1252 705 1340 777 (Psoi.
1355 703 1497 778 cxxxrtu).
1520 704 1552 760 lit
1574 705 1641 778 quid
1662 706 1779 762 laciano!
1796 705 1869 761 ‚ludi
1892 703 1979 761 borri-
2005 684 2013 783 i

367 808 500 863 occultius
514 805 610 877 puuqit
627 814 655 860 et
678 804 817 861 difficilius
836 801 953 858 exuitur.
977 799 1067 871 Spina
1082 811 1148 867 erpo
1198 812 1264 852 unm
1281 816 1287 851 ι
1303 796 1370 863 Quia
1390 812 1436 852 rea
1458 797 1544 852 iturus
1567 797 1690 854 adseram
1708 800 1791 853 ulium
1809 815 1897 870 reqem
1915 815 1981 854 eom·

366 905 430 954 sunt
443 905 555 967 peccata
570 896 726 959 manifesta,
746 910 807 965 quae
820 892 969 949 secuudum
987 888 1147 962 Apostolum
1198 888 1300 941 mittere
1314 885 1424 950 hellam,
1436 886 1620 942 aouaesedeaa
1635 888 1709 957 prius
1724 896 1870 954 coarpetat,
1886 886 1911 939 ri
1924 902 1981 954 poe·

365 998 442 1045 extra
456 1005 558 1059 eorpus
570 988 648 1052 liunt,
660 996 690 1041 ut
700 998 742 1042 est
755 982 946 1046 homicidium,
957 981 1070 1043 lurtum,
1086 993 1149 1050 per·
1198 977 1233 1031 ait
1247 994 1306 1030 cura
1319 976 1406 1031 decem
1421 978 1538 1032 millibus
1560 995 1695 1033 occurrere
1708 980 1742 1040 ei,
1760 978 1879 1047 quicum
1896 978 1981 1048 eiqintt

362 1078 465 1149 iuriam
488 1089 515 1134 et
531 1079 641 1135 similia.
656 1077 787 1131 Tribulus
805 1081 848 1129 est
868 1079 1010 1144 peccatum
1026 1070 1101 1125 intus
1120 1067 1148 1122 in
1199 1063 1315 1120 millibus
1322 1067 1389 1120 uenit
1400 1067 1434 1120 od
1446 1068 1495 1121 ae?
1508 1067 1631 1139 Alioquin
1642 1067 1780 1123 adhucillo
1794 1068 1872 1140 inape
1884 1079 1981 1139 apeme,

365 1183 449 1225 earne
466 1170 567 1233 latens,
583 1168 691 1240 quando
707 1167 770 1237 quis
783 1163 932 1221 secundum
947 1159 1106 1232 Apostolum
1120 1157 1149 1213 iu
1199 1159 1303 1211 mittem
1327 1157 1478 1229 ieqotioaem
1497 1168 1572 1229 roqot
1595 1176 1627 1214 eo
1652 1177 1710 1231 quc
1735 1161 1808 1228 pecie
1823 1170 1886 1214 auat
1908 1158 1981 1230 (Luc.

365 1276 467 1332 corpus
481 1277 560 1316 suum
576 1267 681 1331 peccat,
703 1268 733 1312 ut
750 1259 795 1313 ille
817 1257 863 1328 qui
879 1254 1031 1311 fornicatur
1055 1253 1147 1323 qualia
1199 1247 1265 1319 riv).
1279 1247 1342 1304 lesu
1362 1249 1519 1306 misericors
1535 1250 1657 1312 bomine.
1672 1268 1752 1322 quiem
1768 1253 1922 1318 mittemus,
1944 1253 1982 1307 rel

364 1353 411 1409 bet
424 1351 614 1417 fornicatione,
625 1351 676 1422 qui.
685 1350 803 1405 tribulus
816 1348 928 1403 dificile
939 1346 1054 1412 ccultum
1071 1345 1147 1416 quia,
1198 1344 1260 1414 quis
1275 1344 1327 1399 erit
1346 1345 1452 1416 leqatus
1467 1354 1562 1418 noster
1576 1346 1707 1400 adversus
1726 1362 1816 1416 regem
1837 1345 1923 1405 hunc.
1938 1347 1982 1416 qui

361 1445 439 1515 iuxta
453 1442 559 1499 Domini
574 1444 675 1500 dictum
692 1463 699 1499 ι
719 1440 777 1497 Hoc
792 1458 872 1514 penus
890 1439 1014 1493 daemonii
1029 1455 1079 1491 uon
1096 1437 1148 1491 nisi
1198 1449 1261 1488 cum
1276 1434 1359 1504 duplo
1379 1450 1430 1492 stro
1444 1438 1517 1491 venit
1541 1436 1672 1492 aduersus
1686 1439 1812 1508 simplum
1839 1437 1983 1493 nostrum?

362 1536 391 1591 ia
404 1536 523 1590 oratione
541 1545 566 1591 et
581 1536 684 1606 jejunio
706 1535 778 1588 exire
793 1530 1060 1604 parabolarum).
1078 1528 1147 1586 Pcc-
1197 1525 1239 1581 tn
1254 1536 1282 1579 tu
1302 1541 1332 1582 es
1348 1541 1393 1580 rex
1416 1526 1472 1588 ille,
1490 1537 1513 1582 et
1534 1535 1624 1583 tamen
1639 1529 1743 1600 legatus
1754 1529 1871 1584 noster?
1887 1527 1982 1600 Utique

363 1634 424 1681 eata
438 1641 503 1697 erqo
515 1636 572 1690 rua,
588 1626 645 1680 stre
665 1624 720 1680 sim
734 1625 811 1694 spina
824 1622 881 1678 stre
894 1621 1020 1683 tributas,
1037 1620 1147 1675 succide
1197 1613 1322 1680 homme,
1343 1617 1493 1672 secunaum
1513 1618 1680 1674 divinitatem
1706 1629 1780 1674 tuam
1807 1636 1856 1677 rex
1880 1621 1927 1677 itte
1943 1637 1984 1688 ee,

363 1717 409 1773 rita
437 1717 603 1784 duarenus,
630 1716 717 1772 ellade
739 1730 770 1771 ea
796 1712 1086 1777 conturbernium
1107 1713 1145 1768 nit
1196 1707 1346 1762 secundum
1372 1708 1572 1766 humanitatem
1591 1719 1666 1765 tuam
1693 1712 1799 1783 leuatus
1827 1721 1924 1769 nostem
1941 1730 1979 1774 es

362 1809 567 1866 abscondendo,
1196 1814 1249 1868 qua
1264 1800 1420 1870 interpellas
1435 1817 1485 1872 pro
1497 1802 1589 1864 nohis,
1605 1818 1660 1858 non
1671 1805 1757 1859 solum
1774 1805 1846 1874 apud
1862 1803 1981 1866 Patrem.

396 1897 471 1956 Dicis
485 1919 492 1955 :
507 1898 574 1954 Tam
588 1900 684 1962 multa,
700 1906 755 1953 tam
779 1912 887 1968 magna.
904 1907 958 1952 tam
973 1897 1062 1968 turpia
1081 1903 1146 1952 sunt
1196 1890 1243 1945 sed
1262 1900 1290 1946 et
1307 1892 1379 1961 apud
1394 1901 1429 1960 te,
1448 1894 1494 1963 qui
1510 1909 1572 1949 cum
1586 1893 1667 1951 Patre
1687 1912 1769 1950 unum
1790 1912 1832 1956 es,
1848 1896 1919 1952 cnm
1935 1907 1983 1951 tuo

361 1999 474 2061 peccata
483 2007 553 2055 mea,
568 1991 640 2062 quod
651 2007 682 2045 ea
697 1989 819 2044 conilteri
834 1988 997 2045 confundor.
1013 1989 1145 2045 Confusio
1161 1974 1181 2028 Β
1196 1983 1278 2054 duplo
1297 1985 1374 2042 venis
1394 1987 1525 2043 adversus
1542 1987 1669 2057 simplum
1689 1997 1833 2056 nostrum;
1849 1990 1914 2061 quia
1929 2006 1981 2046 non

361 2082 523 2144 illatrater.
535 2098 599 2155 pars
612 2098 710 2153 magna
725 2081 891 2152 poeuitentiae
902 2081 1007 2145 asueni
1022 2081 1044 2136 si
1055 2081 1144 2136 domi·
1195 2075 1282 2129 solnm
1305 2091 1399 2146 opera,
1413 2077 1460 2134 sed
1481 2085 1507 2133 et
1523 2079 1605 2133 uerba
1625 2088 1652 2133 ct
1672 2080 1854 2149 cogitationes
1871 2090 1978 2138 nostras

360 2173 551 2236 natusiueris,
576 2174 648 2245 quod
666 2173 758 2228 omnia
780 2172 925 2229 confessus
948 2172 1044 2234 fueris,
1062 2173 1143 2228 etiam
1194 2168 1271 2223 renis
1286 2167 1420 2238 judicare.
1440 2168 1507 2237 Quis
1527 2185 1592 2241 ergo
1616 2171 1714 2227 salvari
1740 2180 1831 2242 potest
1859 2173 1921 2229 sine
1938 2173 1979 2228 tei

359 2265 578 2322 misericordiam
605 2264 712 2321 Domini
736 2266 819 2323 citius
843 2266 1000 2322 mereberis,
1028 2265 1060 2320 Et
1081 2282 1144 2322 cum
1194 2258 1223 2312 lu
1247 2258 1336 2316 itibus
1357 2261 1454 2318 venisli
1477 2262 1583 2317 sultare
1606 2278 1666 2326 llos,
1685 2263 1823 2327 doctrina,
1844 2266 1978 2336 exemplo.

360 2358 418 2412 brec
434 2357 541 2421 leceris,
563 2373 617 2413 non
634 2358 725 2413 statim
749 2373 863 2414 securus
880 2359 947 2414 eris.
966 2356 1082 2413 Peccata
1097 2364 1144 2414 tua
1194 2349 1330 2403 vissiitiie·
1343 2347 1483 2415 ⁰⁰⁰ii5¹¹²2
1497 2357 1527 2406 tii
1540 2351 1652 2408 (lwetot
1667 2353 1979 2427 ignoranteueremplo,

358 2463 451 2502 wl'dm
479 2455 507 2504 ie
530 2448 585 2502 sini
606 2464 723 2520 semper·
753 2450 848 2521 Cogita
871 2464 920 2521 ppo
943 2451 1062 2520 peccatis
1077 2450 1141 2505 iuis·
1193 2445 1399 2507 llipl'ovocill'es
1415 2438 1518 2507 duros;
1534 2440 1668 2506 milone,
1684 2451 1713 2496 ut
1727 2442 1978 2502 confirmaresdefl·

356 2536 437 2593 Plora
452 2553 500 2609 per
509 2537 616 2608 singula
627 2547 737 2609 peccata
752 2546 808 2602 tua,
818 2547 847 2593 ut
860 2537 994 2610 Propheta
1010 2559 1017 2592 ε
1036 2537 1142 2600 Exitus,
1193 2529 1309 2585 cientes·

357 2629 456 2700 inquit.
476 2647 605 2700 equorum
626 2629 800 2691 deducerunt.
823 2630 893 2685 oculi
912 2632 971 2695 mei,
998 2632 1061 2702 quio
1089 2647 1143 2686 noa
1228 2620 1267 2678 De
1291 2622 1416 2678 d⁰tiii¹¹it
1436 2630 1555 2688 consili,
1576 2625 1639 2695 quia
1654 2633 1702 2679 ²¹¹2
1721 2626 1748 2681 5¹¹
1764 2627 1877 2698 templo,
1893 2628 1977 2684 autin

355 2721 537 2804 aristodimum
552 2723 633 2794 leqem
649 2735 720 2777 tumn
736 2722 823 2794 (Prot.
840 2722 948 2794 exsuti.
1193 2714 1338 2785 srrragogis
1350 2713 1516 2780 ludaeorum,
1531 2723 1578 2770 aut
1596 2717 1623 2771 in
1638 2726 1743 2782 monte,
1759 2726 1806 2773 aut
1829 2720 1856 2774 in
1870 2736 1977 2791 campc-

392 2809 551 2883 Lacrymas‚
580 2811 681 2882 inquis,
704 2812 804 2866 habere
825 2827 883 2866 non
898 2827 1022 2883 possum,
1046 2810 1144 2878 Quaere
1193 2804 1976 2878 stt-ibusdocuisti,mododiscipulostnos.modoludaos.

356 2899 407 2957 hos
430 2901 533 2962 tileo.
555 2903 618 2972 quia
646 2900 746 2958 donum
762 2901 809 2956 Dei
825 2911 899 2960 sunt.
915 2902 1022 2962 Potum.
1042 2904 1141 2976 iuquit,
1192 2894 1275 2950 modo
1292 2895 1402 2953 turbas.
1418 2896 1459 2952 Ad
1479 2897 1566 2967 quid?
1582 2896 1656 2961 Her,
1675 2899 1772 2969 inqrrit,
1789 2901 1977 2965 territurium,

355 2991 431 3046 dabir
446 2993 520 3047 nobis
534 2995 561 3047 ip
573 2993 696 3064 iacrymis
710 2995 737 3048 lp
754 3011 876 3049 monem
891 2995 978 3068 (pipi,
991 2995 1095 3067 um),
1113 2995 1141 3051 si
1192 2997 1220 3040 ut
1233 3003 1276 3041 eor
1292 2987 1358 3041 solui
1373 2988 1432 3042 sitis
1449 2987 1540 3053 (Jooa.
1553 2987 1591 3060 r).
1609 2987 1647 3045 De
1661 2991 1784 3060 exemplo
1800 2992 1978 3051 nihilominus

355 3087 495 3156 lacrymas
505 3085 606 3141 hahere
616 3102 672 3141 non
690 3085 801 3156 poteris.
813 3085 881 3142 oder
895 3102 944 3142 eor
956 3090 1103 3145 contritum
1114 3101 1142 3148 et
1191 3081 1365 3137 manifestum
1380 3091 1431 3138 est.
1446 3081 1542 3138 Dixisti
1552 3083 1624 3139 enim
1639 3081 1812 3152 :Exemplum
1823 3083 1885 3140 dedi
1896 3086 1976 3149 coiis,

354 3173 539 3239 humiliatum,
555 3175 627 3246 quod
649 3173 720 3231 Deus
738 3190 793 3230 non
812 3177 927 3247 spernit.
948 3176 1023 3250 Elige
1046 3179 1096 3234 tibi
1111 3181 1140 3234 in
1191 3185 1220 3231 ut
1236 3177 1455 3247 quemadmodum
1470 3196 1516 3251 eqo
1532 3179 1582 3249 ieci
1595 3180 1677 3241 colia.
1702 3181 1740 3235 im
1762 3190 1786 3235 et
1810 3199 1855 3237 eoa
1871 3183 1978 3254 iacietis

353 3251 458 3325 sanctis
471 3266 517 3323 liei
534 3275 676 3339 patronos,
687 3271 732 3338 qui
748 3267 781 3323 ad
798 3267 850 3323 hoc
860 3269 949 3324 idonei
966 3279 992 3327 ct
1006 3271 1175 3366 sufficiun-c
1193 3267 1283 3339 (ioca.
1299 3268 1371 3340 xm).
1387 3268 1452 3326 ltem
1469 3290 1475 3325 z
1493 3270 1591 3327 biaeite
1604 3290 1621 3326 a
1636 3289 1675 3326 me
1705 3274 1766 3344 quia
1786 3275 1858 3329 mitis
1879 3286 1977 3330 sumet

353 3370 396 3418 tes
414 3368 493 3426 sunt,
504 3367 532 3416 et
552 3361 688 3417 constitue
705 3361 827 3433 singulos
839 3377 888 3434 per
902 3363 1006 3433 singula
1029 3374 1140 3434 peccata
1190 3358 1298 3414 hunrilir
1316 3358 1425 3432 (liutet.
1447 3361 1496 3434 xi).
1513 3361 1622 3429 Quare?
1650 3361 1684 3416 Et
1714 3364 1849 3419 inuenietis
1864 3366 1977 3436 requiem

352 3462 412 3515 tua,
437 3461 467 3507 ut
493 3451 565 3522 quod
590 3452 685 3509 morito
714 3459 763 3506 tuo
794 3452 917 3508 obtinere
944 3469 998 3508 uon
1024 3455 1138 3525 poteris,
1189 3450 1327 3508 oaiomhur
1345 3456 1435 3508 restria
1446 3452 1592 3525 (ataine
1606 3456 1845 3527 orationequoque
1855 3458 1973 3517 dixisti:

353 3543 463 3597 illarum
491 3540 620 3613 suffragio
649 3542 837 3612 consequaris.
861 3539 914 3597 Ora
938 3557 1055 3611 semper,
1078 3549 1139 3597 esto
1192 3539 1246 3612 Epo
1263 3557 1310 3612 pro
1333 3553 1357 3597 te
1382 3543 1482 3612 roqaui,
1506 3542 1594 3607 Peter,
1614 3552 1644 3597 ut
1662 3561 1713 3598 noa
1729 3544 1835 3614 deficiet
1849 3545 1917 3616 fides
1931 3558 1975 3602 tue

351 3640 382 3685 ut
393 3646 486 3701 parrer
499 3631 637 3685 solitarius
650 3631 677 3684 ia
690 3640 756 3684 tecto
772 3630 860 3702 (Paul.
872 3631 909 3702 ct)
921 3645 970 3702 per
983 3631 1066 3695 diem,
1077 3636 1139 3687 esto
1189 3630 1265 3702 (huc.
1282 3633 1361 3704 xxm).
1375 3631 1441 3689 ltem
1460 3649 1468 3686 t
1486 3633 1548 3688 Non
1562 3651 1610 3704 pro
1626 3635 1663 3689 eis
1680 3644 1782 3689 tartum
1797 3653 1871 3707 roqo,
1889 3633 1936 3691 red
1950 3644 1973 3689 et

351 3722 446 3778 cicada
474 3731 588 3777 cantans
616 3736 665 3792 per
693 3730 811 3778 noctem.
841 3721 950 3778 imitare
976 3721 1137 3792 Prophetam
1187 3725 1290 3796 proluis
1315 3728 1360 3797 qui
1376 3743 1421 3798 per
1444 3726 1550 3781 aerium
1571 3743 1661 3781 eorum
1675 3727 1801 3782 credituri
1815 3736 1877 3783 auat
1897 3732 1974 3783 inme

350 3813 486 3869 dicentem
500 3833 507 3868 :
522 3811 632 3867 Domine
647 3811 717 3867 Perta
732 3813 828 3868 salutis
843 3830 917 3878 arec,
932 3813 959 3867 in
973 3812 1015 3867 die
1025 3815 1141 3869 clamosi
1188 3815 1279 3888 (loon.
1300 3818 1381 3888 riuti.
1403 3818 1437 3871 at
1461 3833 1512 3872 nos
1537 3815 1687 3873 doctrinam
1707 3825 1781 3870 tuam
1808 3816 1973 3882 fastidimus,

349 3915 471 3984 etaocte
493 3921 583 3959 eorum
611 3913 638 3958 te
658 3903 745 3975 (Psoi.
771 3905 906 3976 cxxxvii).
933 3903 1000 3959 rima
1020 3906 1138 3976 vigilias,
1187 3909 1311 3978 exempla
1335 3909 1518 3974 declinamus,
1532 3908 1597 3979 quid
1620 3924 1684 3978 erqo
1707 3919 1831 3978 superest
1850 3908 1972 3964 nisisola

349 3999 501 4069 multiplica
525 3997 634 4060 venias,
660 4005 755 4067 pectus
770 3997 869 4068 pugnis
885 3995 985 4060 tunde,
1002 4009 1137 4054 secretum
1187 4000 1275 4055 oratio
1291 4006 1348 4062 tua,
1365 4014 1413 4070 per
1433 4015 1514 4069 quiam
1534 3999 1689 4055 salventur?
1705 3997 1779 4065 Quos
1801 4015 1868 4070 ergo
1882 4001 1970 4055 minue

348 4090 511 4161 opportunis
522 4089 833 4159 horisquaere.ruqitum
848 4105 909 4143 cum
921 4089 1024 4160 gemitu
1031 4091 1136 4159 emitte:
1186 4087 1319 4151 doctrina,
1332 4091 1422 4145 miuus
1437 4089 1678 4160 exemplopoteris.
1694 4090 1818 4145 oratione
1833 4099 1894 4156 tua,
1907 4088 1969 4146 lesu

348 4180 501 4253 Rupilium.
515 4181 614 4251 inquit,
624 4197 640 4233 a
650 4180 747 4250 qemitu
759 4179 847 4234 cordis
859 4181 908 4234 mei
921 4180 1008 4251 (Paul.
1020 4184 1135 4253 xxxru).
1186 4180 1353 4245 misericors,
1367 4182 1452 4237 solra.

347 4271 423 4328 Cuha
439 4271 467 4328 ln
482 4287 572 4337 saeco,
590 4271 712 4343 grossior
728 4270 822 4325 tunica
838 4271 874 4326 sit
888 4271 936 4326 tihi
960 4289 1011 4344 pro
1032 4274 1134 4340 cilicio,
1223 4269 1299 4327 Sicut
1315 4274 1401 4343 potui,
1418 4289 1472 4328 non
1490 4272 1563 4329 sicut
1579 4274 1665 4336 nolui.
1685 4273 1720 4329 ad
1744 4274 1912 4347 interrogata
1927 4283 1968 4329 tua

347 4379 404 4420 non
418 4364 512 4421 slttibi
527 4363 656 4419 diuturna
670 4362 747 4433 quies
762 4362 836 4428 lecti,
849 4365 1033 4421 necanombra
1048 4367 1136 4422 resol·
1184 4362 1323 4435 rescripsi.
1340 4363 1379 4420 Ex
1406 4366 1555 4422 abundanti
1576 4365 1642 4433 suit,
1664 4373 1691 4421 et
1717 4374 1759 4422 est
1785 4367 1847 4432 tibi,
1864 4369 1901 4423 ita
1918 4369 1968 4424 scie

345 4462 393 4511 vat
413 4454 500 4514 ealor.
517 4453 615 4529 hoaqa
626 4456 704 4528 mules
724 4456 808 4523 lecti,
828 4465 855 4511 ct
871 4457 992 4512 membra
1013 4459 1134 4515 resoluta
1182 4457 1285 4512 omnia.
1297 4455 1490 4514 Verumtamen
1511 4458 1612 4523 credo,
1634 4472 1688 4512 non
1708 4456 1801 4513 delore
1816 4459 1925 4530 aliquos
1938 4459 1968 4515 de

344 4547 575 4607 ealorstttttriuat
590 4564 697 4605 uermes
710 4547 850 4604 uitiorum.
1183 4553 1258 4599 tanta
1274 4547 1447 4603 multitudine
1460 4549 1568 4618 generis
1583 4547 1706 4613 humani,
1725 4548 1748 4603 si
1772 4549 1922 4605 inciderint
1942 4550 1968 4605 in

379 4638 523 4714 Nunquam
536 4649 565 4699 te
577 4642 703 4698 diabolus
718 4642 838 4697 inueniat
852 4641 980 4698 otiosum.
996 4641 1049 4697 hut
1067 4658 1131 4698 ora·
1145 4653 1169 4714 p
1181 4638 1252 4693 lianc
1261 4639 1399 4704 schedam,
1410 4641 1476 4710 quin
1485 4641 1586 4710 aliquid
1596 4641 1966 4714 doctrinatnoepereiptanr.

343 4733 384 4788 tio
398 4732 426 4790 ia
444 4746 503 4799 ore,
523 4742 570 4789 aut
587 4735 726 4790 meditatio
746 4744 841 4791 sancta
866 4735 895 4789 ia
911 4735 1004 4798 corde,
1020 4742 1067 4789 aut
1087 4735 1130 4789 di·
1181 4726 1239 4783 Noti
1254 4729 1328 4785 enim
1345 4745 1441 4786 omues
1455 4731 1664 4801 suatgrandes3
1680 4740 1744 4788 sunt
1761 4740 1788 4787 et
1805 4734 1967 4802 medioeres,

343 4823 413 4880 vina
423 4823 504 4880 lectio
514 4825 550 4879 sit
564 4827 595 4881 ia
608 4827 736 4882 manibus
750 4825 869 4883 assidue.
887 4825 950 4883 llaec
960 4834 987 4882 et
1001 4828 1052 4881 alia
1068 4844 1130 4898 per·

344 4911 465 4970 lectioris
479 4916 646 4985 penitentie
656 4924 730 4981 suun,
747 4931 796 4986 per
809 4931 869 4984 qrrce
882 4934 990 4988 repaum
1004 4917 1128 4972 cetorum

342 5006 393 5060 uim
407 5007 508 5074 putitiu
530 5006 642 5078 (llottlr.
656 5008 706 5077 sai.
726 5006 789 5064 llaec
801 5009 862 5074 tibi,
874 5009 969 5074 irater,
981 5009 1126 5067 sufficiant.

342 5095 399 5151 Cur
412 5097 460 5151 tihi
477 5095 592 5154 reicram
607 5100 723 5170 angulos
735 5114 809 5156 meos
825 5105 852 5156 et
865 5101 1009 5173 soliloquia
1024 5105 1128 5175 cogita·

341 5189 446 5242 tionrua
458 5204 579 5244 arearum
600 5206 630 5246 se
648 5191 719 5246 inter
735 5207 765 5247 se
780 5194 967 5248 accusantium
983 5197 1126 5251 autetiam

342 5280 645 5348 ‹fet'rndentirrmiQuid
659 5283 707 5336 tibi
721 5283 835 5339 reseram
848 5285 893 5339 illa
907 5287 949 5341 vel
961 5287 1006 5341 illa
1021 5294 1126 5343 secreta

341 5373 419 5422 arra?
438 5368 570 5426 secretum
592 5387 677 5426 meum
700 5371 774 5438 milti,
801 5383 927 5428 secretum
951 5392 1035 5430 meum
1060 5377 1126 5430 uuila

341 5460 432 5528 (doda.
452 5462 539 5533 ων).

374 5553 448 5608 Dicis
459 5571 524 5626 erqo
539 5572 611 5610 nunc
629 5574 635 5611 :
652 5555 725 5612 ileu!
742 5557 794 5614 heu
814 5557 914 5615 irater!
928 5559 992 5630 quid
1009 5560 1126 5616 inciam?

340 5644 403 5710 quia
420 5647 508 5698 urrinni
519 5656 544 5700 et
557 5647 724 5705 insufficiens
736 5666 796 5705 sum
813 5651 846 5706 ad
862 5652 913 5708 ista
925 5646 1025 5708 omnia.
1043 5652 1123 5707 Puta·

340 5732 401 5786 bara
426 5738 535 5790 modom
559 5741 726 5810 punitentia·
750 5750 803 5797 tuce
824 5751 970 5814 utrumque
996 5744 1122 5799 leuiorem

340 5821 434 5880 luisse.
447 5826 554 5884 l'trero
566 5832 700 5894 sidronii
716 5833 807 5888 miurus
823 5833 1032 5903 perfectioribus
1043 5834 1123 5900 lacis,

338 5915 533 5987 siimpleueris
559 5937 590 5977 ea
609 5939 669 5994 quae
690 5923 769 5979 dicis.
807 5923 877 5980 todi
895 5925 967 5996 quod
988 5924 1124 5997 Propheta

1181 4833 1244 4879 sunt
1259 4828 1286 4877 et
1301 4821 1428 4878 humiles.
1442 4821 1480 4877 be
1494 4825 1600 4880 caeteris
1616 4824 1764 4880 litterarum
1779 4832 1891 4880 tuarum
1911 4841 1967 4897 que

1180 4923 1339 4985 supersunt,
1364 4913 1427 4984 quia
1452 4921 1497 4970 tua
1519 4916 1622 4985 priuata
1651 4925 1732 4981 sum,
1757 4916 1832 4971 aliurl
1860 4917 1968 4974 initium

1179 5007 1359 5065 dicendorum
1373 5022 1488 5063 sumam.

1177 5122 1242 5179 Car.
1264 5121 1320 5177 XX.
1354 5120 1424 5188 Quid
1439 5122 1474 5175 rit
1494 5123 1580 5176 uenire
1601 5122 1627 5174 iu
1646 5121 1806 5190 preliandum
1823 5123 1969 5186 molarum,

1334 5204 1359 5248 et
1375 5191 1438 5263 quid
1452 5209 1484 5245 oc
1497 5197 1638 5263 quotuplex
1652 5192 1819 5260 desperatio?

1212 5285 1342 5343 irasceris
1366 5287 1439 5357 quod
1465 5284 1541 5342 tarde
1571 5284 1618 5339 tibi
1644 5285 1775 5340 rescribo.
1804 5284 1898 5341 Horas
1913 5302 1966 5343 non

1177 5379 1274 5442 habeo,
1291 5380 1343 5435 nisi
1358 5387 1490 5450 quantum
1506 5378 1572 5432 milri
1598 5378 1631 5434 de
1646 5385 1748 5433 statuto
1759 5393 1857 5433 sonrno
1873 5379 1965 5436 subri-

1177 5488 1240 5542 pere
1254 5487 1376 5542 possum.
1394 5470 1483 5525 lloras
1497 5485 1550 5524 non
1563 5469 1659 5529 liabeo.
1680 5470 1733 5524 nisi
1753 5478 1888 5541 quantum
1901 5468 1965 5525 mibi

1176 5571 1238 5634 post
1247 5578 1404 5618 communes
1418 5570 1444 5619 ct
1456 5562 1574 5631 priuatas
1585 5562 1723 5616 orationes
1734 5563 1851 5631 tempori
1868 5578 1966 5634 ειιρεε-

1175 5662 1228 5717 est,
1254 5654 1327 5724 quod
1350 5653 1429 5708 ualde
1445 5669 1540 5724 parum
1564 5660 1615 5709 est.
1644 5651 1702 5705 lluc
1720 5652 1832 5707 accedat
1854 5654 1966 5708 tardum

1176 5759 1249 5800 nunc
1265 5745 1402 5814 ingenium
1415 5750 1443 5799 et
1458 5743 1580 5798 tremulae
1600 5758 1708 5810 manus,
1726 5743 1789 5811 quia
1806 5741 1967 5814 decrepitus

1176 5850 1247 5892 surra.
1262 5833 1387 5889 batarios
1400 5849 1539 5904 auraquam
1551 5833 1650 5889 hahere
1663 5833 1749 5904 potui,
1763 5833 1851 5904 pratis
1862 5834 1965 5891 habere

1175 5942 1229 5981 aon
1246 5926 1330 5996 potui,
1348 5925 1490 5998 pecuniam
1504 5924 1662 5982 nonlrabui.
1687 5923 1774 5982 Carisa
1786 5941 1898 5998 puroque
1915 5926 1963 5983 luit
