4350 6709
371 606 425 663 tta
885 605 1024 663 slcattbt
1042 602 1290 662 cuntronensts
1307 602 1462 661 Ertscoet
1939 615 1995 672 m

370 723 444 790 dam,
462 721 509 792 qui
526 721 651 779 dicebant
668 736 722 777 non
737 719 830 778 deberi
849 722 901 777 sibi
916 732 1054 778 terrenum
1070 720 1195 792 impe-n
1377 719 1415 775 De
1432 719 1489 775 Tito
1504 721 1637 778 Antonino
1653 724 1818 794 imperatore.

371 818 453 885 nium,
463 815 510 871 sed
523 816 642 883 coeieste,
656 833 728 887 ques
743 817 776 872 ad
797 817 963 872 voluntatem
977 831 1071 872 eorum
1086 817 1156 872 libe·
1240 813 1320 866 Anuu
1335 812 1369 866 ab
1385 810 1574 869 incarnatione
1588 814 1696 872 Domini
1712 816 1775 884 lli,
1787 815 1864 874 Titus
1876 819 1988 877 Antoni·

369 924 417 966 ros
439 910 515 964 abire
546 910 684 980 permisit,
703 909 813 965 demum
837 924 900 964 cum
923 909 1024 964 multos
1046 910 1154 967 nobiles
1205 903 1990 976 nustsstttalitallssdR0ffl³¹¹082111hffl12timens-¹¹¹·

369 1002 403 1057 de
417 1010 515 1058 senatu
533 1002 692 1069 occidisset,
709 1018 820 1059 suorum
837 1001 1029 1075 conjuratione
1045 1003 1154 1060 occisus
1205 996 1252 1066 ‘1¹¹5
1269 993 1335 1051 Pius
1349 1006 1459 1067 propter
1479 997 1651 1054 Clementiam
1671 998 1760 1055 ditius
1773 1011 1830 1065 0⁵²:
1846 1000 1927 1058 Pfliet
1941 1003 1990 1060 Pi·

368 1103 421 1152 esi,
1206 1089 1274 1151 triac.
1288 1090 1352 1160 quia
1368 1091 1588 1146 accusationibus
1603 1091 1723 1148 incensis
1742 1093 1832 1148 debita
1848 1094 1993 1162 relaxarit,

597 1183 636 1239 lle
652 1183 739 1240 Neruo
756 1184 924 1254 imperatore.
1205 1180 1344 1237 AErarium
1365 1183 1523 1253 opulentum
1542 1185 1671 1251 servarim
1694 1184 1806 1257 regibus
1822 1187 1920 1244 amicis
1937 1204 1993 1244 non

402 1278 483 1333 Auno
505 1277 541 1334 ab
564 1275 755 1334 incarnatione
778 1276 887 1333 Domini
906 1279 951 1344 99,
969 1276 1058 1334 Nerua
1082 1277 1154 1348 apud
1204 1276 1296 1332 minus
1307 1276 1480 1332 uenerabilis.
1496 1275 1595 1332 Eodem
1610 1285 1730 1346 tempore
1740 1277 1859 1335 Galenus
1869 1281 1995 1336 medicus

367 1365 510 1424 Romanos
524 1367 647 1440 regnarit
660 1383 725 1422 ann.
740 1382 749 1421 r
763 1377 790 1422 ct
803 1383 891 1423 mens.
905 1385 942 1423 rr.
959 1366 1007 1423 Vir
1018 1367 1069 1423 tuit
1084 1376 1155 1424 stre·
1204 1369 1313 1434 claruit,
1329 1369 1376 1440 qui
1391 1368 1515 1440 Pergami
1535 1381 1615 1424 natus
1630 1369 1736 1425 claruit.
1754 1370 1856 1428 Eodem
1869 1380 1995 1444 temporo

367 1475 440 1517 uuus
455 1468 482 1515 et
497 1460 650 1525 modestus,
665 1460 714 1530 qui
732 1459 834 1516 missus
847 1459 874 1515 in
889 1460 1016 1517 exsilium
1035 1475 1084 1531 per
1101 1459 1155 1514 lte-
1204 1463 1276 1520 sedit
1303 1462 1397 1519 liomae
1426 1461 1548 1535 Hyginus
1572 1477 1652 1534 papa.
1679 1463 1745 1520 Post
1769 1481 1831 1520 eum
1857 1468 1995 1523 successit

366 1552 513 1609 mitianum
529 1552 619 1608 soluit.
631 1551 703 1608 idern
718 1551 840 1608 creditur
853 1553 887 1608 dc
901 1551 1006 1609 ioanne
1017 1553 1153 1624 apostolo,
1204 1552 1317 1609 Anicius
1333 1573 1340 1607 ε
1354 1564 1417 1623 post
1436 1569 1499 1608 cunr
1524 1554 1656 1609 successit
1678 1553 1744 1610 Pius
1768 1555 1795 1610 in
1820 1557 1992 1628 episcopatu.

366 1646 415 1716 qui
441 1659 568 1702 reuersus
593 1654 637 1701 est
663 1642 813 1716 Ephesum.
841 1645 895 1701 lsta
920 1654 965 1702 est
993 1647 1161 1725 metropolis,
1204 1643 1254 1700 liis
1265 1645 1433 1715 temporibus
1447 1642 1542 1716 ilygini
1559 1661 1645 1716 papae,
1664 1644 1835 1710 valentinus.
1850 1659 1880 1704 et
1893 1650 1993 1721 Cerdo,

365 1738 478 1794 Asiana.
493 1738 565 1794 Audi
585 1736 879 1795 tabulamdetoanue.
894 1737 1010 1795 Cnidum
1023 1741 1154 1812 episcopo
1204 1746 1231 1792 ct
1244 1736 1364 1793 Marcion
1383 1737 1503 1792 lteretici
1525 1735 1639 1792 Romam
1664 1750 1807 1803 uenerunt.
1830 1740 1994 1801 talentinus

364 1828 510 1900 quemdam
523 1829 650 1899 juvenem
664 1829 813 1887 commisit.
822 1829 958 1903 Episcopo
969 1832 1095 1903 absente,
1108 1834 1154 1904 ju·
1204 1830 1321 1897 dicebat,
1342 1829 1398 1886 duo
1415 1844 1476 1884 esse
1498 1829 1645 1900 principia,
1660 1831 1839 1900 proluendum,
1857 1843 1887 1891 et
1909 1836 1993 1893 silen-

365 1919 443 1976 renis
454 1922 582 1993 princeps
596 1921 732 1978 latronum
744 1921 855 1991 effectus
867 1933 920 1980 est.
936 1921 1005 1979 Cum
1020 1933 1154 1996 repeteret
1205 1920 1284 1988 tium,
1302 1927 1329 1975 et
1345 1934 1379 1974 ex
1398 1919 1441 1974 bis
1455 1919 1564 1989 triginta
1580 1921 1691 1976 saecuta.
1712 1923 1800 1980 Cerdo
1817 1935 1844 1982 et
1859 1925 1991 1995 naraon,

364 2028 427 2068 eum
440 2010 569 2083 ioannes,
582 2015 621 2069 ait
634 2015 800 2086 episcopus:
816 2014 938 2072 llortuus
952 2025 1001 2072 ert.
1012 2017 1062 2073 Cui
1072 2017 1155 2074 ioan·
1204 2012 1258 2068 duo
1285 2010 1429 2083 principia,
1453 2011 1554 2066 bunum
1579 2023 1606 2068 et
1626 2014 1738 2069 uratum.
1754 2015 1843 2072 Ambo
1868 2034 1993 2077 resurre-

364 2119 433 2160 nes:
449 2103 553 2159 Bonum
568 2113 592 2160 te
604 2105 738 2163 custodem
756 2106 849 2177 [ratris
864 2108 960 2164 ouimae
972 2110 1085 2182 reliqui!
1100 2111 1154 2168 be·
1168 2076 1190 2132 B
1204 2106 1322 2160 ctionem
1348 2104 1441 2160 carnis
1469 2104 1616 2174 iterabant,
1637 2107 1735 2162 animae
1758 2115 1849 2164 tamen
1875 2110 1991 2166 salutent

365 2211 441 2254 mum
452 2211 503 2268 per
513 2196 648 2254 loannem
661 2198 695 2256 ad
707 2201 894 2270 paenitentiam
910 2213 1055 2260 reuocatus
1065 2212 1117 2261 est.
1203 2195 1406 2266 promittebant.
1431 2193 1459 2248 ln
1482 2194 1645 2251 Alexandria
1668 2212 1733 2252 rero
1757 2197 1894 2255 Basilides
1914 2217 1990 2257 suam

580 2288 620 2344 Dr
635 2288 751 2359 Trojano
762 2291 929 2361 imperatore.
1203 2292 1355 2346 doctrinam
1371 2291 1501 2358 evomuit,
1520 2291 1613 2347 dicens
1626 2307 1725 2348 ccccxv
1740 2294 1825 2350 cetos
1839 2297 1990 2352 secuudum

397 2383 478 2438 Anno
491 2381 528 2438 nb
544 2380 736 2438 incarnatione
752 2380 861 2439 [remini
880 2384 942 2452 tot),
958 2384 1092 2458 Tnnjnnns
1106 2403 1152 2444 ne.
1203 2397 1348 2437 numerum
1363 2381 1468 2436 dierum
1486 2382 1561 2436 antri.
1578 2379 1636 2438 Hoc
1654 2393 1744 2438 autem
1759 2401 1858 2441 nonten
1875 2388 1990 2444 derasos

350 2476 458 2547 ¹gnarit
471 2475 543 2548 apud
559 2475 698 2532 Romanos
712 2490 841 2531 ann-111
857 2484 884 2531 et
898 2493 986 2535 meus.
1002 2494 1040 2544 rr,
1054 2488 1081 2534 ct
1095 2480 1153 2536 ‹lie-
1203 2473 1421 2540 eotrrmendabat,
1435 2475 1500 2543 quia
1514 2489 1658 2529 trumerum
1672 2475 1755 2531 istum
1772 2477 1923 2533 corrtitreat.
1938 2479 1990 2534 Cu-

362 2568 415 2626 bus
441 2584 487 2625 nr.
521 2567 571 2624 llic
592 2566 645 2624 tuit
661 2575 745 2623 tantae
763 2566 903 2625 civilitatis
922 2579 950 2625 et
972 2569 1151 2640 tortitudinis,
1200 2566 1247 2637 jus
1262 2565 1388 2636 discipuli
1402 2580 1432 2621 se
1451 2563 1596 2621 Cnostiees
1616 2567 1793 2623 nourriuabant
1806 2570 1839 2624 ad
1855 2587 1988 2639 praesum·

362 2672 396 2719 ut
411 2664 540 2720 omnibus
555 2660 769 2734 praecedentibus
786 2663 956 2734 principibus
971 2665 1153 2737 meritoprae.
1202 2660 1323 2730 ptionem
1340 2658 1541 2714 excellentioris
1560 2659 1689 2714 scientiae.
1714 2660 1766 2716 Sed
1785 2662 1820 2715 ab
1839 2663 1903 2718 aliis
1918 2663 1988 2717 ‹liee-

345 2753 486 2824 ·ieratur;
502 2771 565 2811 nam
582 2771 645 2811 eum
660 2754 706 2811 alii
722 2755 869 2826 imperium
888 2756 1082 2826 deiendissent,
1100 2760 1152 2816 iste
1202 2751 1302 2806 llantur
1321 2749 1488 2814 Borbonitae,
1515 2751 1542 2805 ill
1561 2760 1603 2806 8⁵1
1624 2754 1744 2819 coenosi»
1768 2768 1783 2807 ²
1809 2757 1986 2826 turpitudine,

362 2847 492 2903 nobiliter
512 2846 662 2917 anrpliarit.
680 2845 748 2902 Nam
779 2846 844 2903 Asia
864 2856 892 2903 et
912 2847 1060 2921 Babylonia
1073 2862 1151 2921 capta
1201 2859 1284 2914 quarn
1298 2843 1326 2898 in
1341 2843 1477 2914 mysteriis
1492 2845 1663 2914 exercebant,
1675 2854 1770 2903 centra
1784 2862 1867 2917 quern
1880 2849 1988 2919 scripsit

362 2953 451 3009 usque
471 2938 504 2993 ad
519 2936 602 2994 indiae
618 2938 687 2994 lines
702 2937 829 2994 accessit.
851 2936 889 2995 De
903 2939 983 2996 bacis
1000 2951 1026 2996 et
1042 2939 1152 3009 Scrtlris
1201 2937 1304 2992 doctus·
1314 2936 1444 3007 Agrippa.

360 3031 551 3102 {fiumihilib
579 3030 737 3104 flifflbflffir
765 3028 955 3100 Simmiam,
982 3034 1099 3102 Alabsssr
1123 3044 1151 3092 θῑ
1201 3049 1490 3107 Deliorcoeirttorriuo
1507 3052 1584 3120 Vero,
1606 3071 1665 3107 cum
1684 3052 1985 3124 frutreLueiodureiro

360 3122 519 3180 Bodotriam
534 3123 560 3178 in
572 3123 654 3180 ddem
668 3124 782 3196 aceepit.
796 3122 824 3178 ln
840 3124 909 3179 mari
925 3124 1019 3183 Rubro
1033 3129 1149 3185 classem
1487 3124 1697 3193 imperatoribus.

359 3217 492 3285 instituit,
509 3224 538 3271 ut
553 3216 621 3272 lines
634 3214 717 3271 ludite
730 3216 899 3288 subjugaret.
913 3216 1083 3287 Armeniam,
1098 3222 1150 3276 As·
1235 3215 1314 3272 Anno
1330 3214 1364 3270 ab
1380 3213 1569 3272 incarnatione
1583 3216 1690 3272 bertuini
1705 3219 1768 3285 let,
1781 3217 1890 3276 llareus
1903 3220 1985 3275 Anto·

361 3311 476 3382 syriam,
502 3308 728 3380 llesopotamiam
751 3309 918 3381 subjugarit,
940 3318 968 3366 et
993 3312 1149 3382 prouincias
1200 3307 1283 3363 atinus
1306 3305 1398 3363 Verus
1423 3323 1485 3363 euru
1512 3308 1595 3364 tratre
1624 3309 1707 3366 bucin
1729 3311 1841 3368 Aurelio
1864 3316 1985 3385 regnarit

360 3400 436 3456 lecit.
451 3399 495 3456 Nil
506 3401 587 3473 etegit
601 3400 732 3472 injustum
752 3402 785 3457 ad
803 3402 958 3473 augendum
972 3403 1079 3459 liscum.
1096 3404 1148 3461 Sed
1162 3428 1184 3487 (ς
1201 3400 1273 3470 apud
1289 3399 1427 3456 Romanos
1443 3416 1507 3455 ann·
1524 3416 1581 3468 tlt,
1594 3413 1621 3457 et
1635 3419 1721 3459 mens.
1738 3421 1758 3460 a.
1775 3402 1868 3475 Usque
1882 3409 1915 3461 ad
1936 3408 1986 3462 noe

359 3504 521 3563 persecutor
542 3493 594 3550 luit
614 3493 847 3551 Christianorum.
871 3494 939 3551 Nam
961 3512 1023 3551 cum
1043 3495 1149 3552 Plinius
1202 3501 1309 3562 tempus
1325 3494 1478 3565 singulares
1498 3493 1609 3550 luerunt
1632 3494 1758 3568 Augusti.
1783 3496 1854 3554 ltine
1869 3500 1984 3569 priunum

360 3587 505 3657 cuiusdam
525 3586 673 3658 prouinciae
687 3599 851 3659 procurator
869 3603 932 3644 eum
954 3590 1148 3659 consuluisset,
1200 3587 1267 3642 bini.
1287 3585 1320 3641 lli
1336 3585 1486 3643 Seleuciam
1504 3599 1644 3660 ceperunt,
1662 3591 1697 3646 de
1710 3591 1820 3649 Partitis
1834 3597 1985 3667 triumplu·

360 3682 385 3738 si
400 3681 573 3739 Christianos
588 3682 733 3750 occideret,
750 3698 812 3740 cum
834 3682 873 3738 nil
892 3683 957 3739 mali
972 3684 1001 3740 in
1016 3684 1056 3742 eis
1071 3700 1150 3754 repe·
1200 3687 1308 3734 terunt·
1323 3678 1424 3734 Contra
1439 3679 1589 3737 Gerss¹³ss⁰s
1605 3691 1632 3735 et
1645 3680 1795 3750 Sarmatas,
1811 3684 1983 3742 Marcoman·

360 3777 438 3841 niret,
451 3787 549 3846 praeter
564 3775 776 3833 obstinationem
794 3792 849 3832 non
861 3776 1043 3846 sacrificandi,
1058 3786 1085 3833 et
1098 3793 1149 3833 art·
1200 3786 1261 3837 ¹¹05.
1274 3769 1394 3836 Qtrados,
1413 3769 1512 3837 Dacos,
1529 3769 1675 3839 Vindalffi.
1698 3771 1814 3840 Suevos.
1828 3775 1983 3833 Panaetius

359 3869 504 3924 ueteranos
521 3877 609 3924 coetue
623 3869 658 3924 nd
678 3871 832 3926 canendum
851 3871 960 3927 cuinam
982 3870 1102 3938 christo,
1120 3879 1149 3926 nt
1199 3864 1373 3918 dimicarunt.
1391 3860 1426 3916 Et
1448 3878 1510 3917 cum
1531 3879 1598 3920 suus
1618 3867 1754 3921 exereitus
1771 3877 1911 3937 aestuaret,
1926 3873 1982 3941 uui·

360 3959 432 4028 Deo;
449 3961 591 4031 respoudit
605 3965 678 4032 quod
693 3963 785 4018 nullus
806 3962 978 4020 Christianus
995 3963 1148 4035 inquirere·
1200 3955 1314 4011 busdam
1339 3955 1471 4012 militibus
1494 3956 1667 4024 Christianis,
1689 3961 1735 4030 qui
1756 3961 1810 4016 sub
1832 3979 1866 4018 eo
1886 3964 1984 4018 utilita-

358 4061 421 4120 tur;
437 4053 460 4107 si
479 4054 542 4123 quis
559 4062 648 4111 tamen
667 4054 818 4110 incidenter
832 4056 1036 4125 praeveniretur,
1056 4054 1148 4126 puniri
1199 4049 1274 4114 bunt,
1288 4049 1441 4115 orantibus,
1458 4059 1553 4106 contra
1566 4067 1641 4122 spent
1659 4052 1830 4124 largissimus
1843 4057 1932 4113 imber
1947 4057 1984 4113 el·

335 4152 337 4158 '
359 4153 509 4215 oporteret.
527 4143 642 4200 Demutn
659 4143 795 4216 Trajanus
809 4149 881 4218 apud
902 4149 1054 4204 Seleuciam
1071 4147 1149 4204 isau-
1199 4140 1278 4198 fusus
1292 4150 1333 4197 est
1347 4141 1374 4196 in
1389 4145 1525 4210 exercitu,
1542 4145 1588 4199 sed
1606 4146 1633 4199 in
1650 4145 1744 4202 trustes
1757 4147 1891 4218 fulguret
1904 4150 1981 4220 ignis.

357 4237 418 4303 rire,
434 4246 465 4291 ut
488 4236 600 4304 dicitur,
618 4245 744 4293 mortuus
764 4247 817 4305 est,
841 4241 920 4310 cuius
940 4257 1002 4296 ossa
1026 4241 1054 4296 in
1078 4256 1148 4296 urna
1198 4234 1461 4302 elucescentem
1483 4237 1576 4304 tratre,
1594 4238 1681 4294 lilium
1700 4255 1780 4295 snum
1802 4241 1982 4299 Commodum

360 4342 444 4384 aurea
458 4330 487 4384 in
501 4327 573 4384 Foro
589 4328 679 4384 delata
694 4344 776 4401 super
790 4329 947 4387 columnam
966 4340 1041 4388 sum.
1065 4331 1148 4387 Solus
1198 4327 1274 4399 regeri
1287 4336 1441 4384 consortem
1465 4329 1539 4395 lecit,
1557 4339 1584 4385 et
1598 4332 1691 4387 multis
1705 4330 1790 4387 multa
1805 4334 1921 4406 largitus
1932 4345 1982 4401 est,

360 4421 484 4477 omnium
506 4420 579 4476 intra
601 4420 696 4476 urbem
714 4421 742 4476 in
765 4420 826 4478 iuro
846 4422 969 4493 sepultus
986 4432 1037 4478 est.
1059 4422 1088 4479 ln
1105 4423 1148 4479 bis
1197 4420 1235 4476 ita
1250 4422 1323 4492 quod
1345 4422 1471 4477 aerarium
1493 4424 1669 4492 cxirauserit;
1690 4427 1845 4496 pecuniam,
1861 4445 1923 4500 qum
1936 4430 1982 4485 de·

360 4512 458 4568 diebus
475 4513 622 4570 anacletus
636 4529 705 4585 papa
722 4513 817 4571 Romae
829 4514 910 4572 sedit.
925 4515 991 4572 Post
1005 4530 1067 4571 eum
1082 4532 1147 4572 suc·
1198 4513 1323 4580 bebatur,
1343 4513 1442 4569 tabulis
1459 4515 1578 4571 incensis
1593 4517 1708 4573 remisit.
1723 4517 1757 4573 Et
1772 4534 1807 4575 ne
1822 4522 1889 4590 quid
1907 4523 1983 4578 boni·

358 4605 443 4663 cessit
454 4604 595 4663 Cratistus
608 4622 676 4678 papa
687 4606 791 4665 Romae.
1198 4606 1247 4661 tati
1269 4606 1385 4673 deesset,
1411 4607 1534 4663 seniores
1555 4607 1628 4679 leges
1652 4610 1730 4667 noris
1743 4613 1983 4670 curistitutionibus

578 4699 618 4755 De
630 4699 750 4755 Adriano
763 4701 929 4771 imperatore.
1199 4700 1368 4769 temperarit.
1391 4698 1467 4754 Adeo
1483 4700 1643 4771 traguilicus
1658 4701 1719 4769 luit,
1733 4711 1763 4758 ut
1779 4713 1889 4760 centum
1903 4706 1983 4762 simul

392 4791 472 4847 Anno
487 4792 523 4848 ab
544 4791 734 4848 incarnatione
748 4791 858 4847 Domini
876 4791 937 4860 tae,
951 4792 1087 4848 Adrianus
1103 4774 1290 4846 sententies
1310 4791 1474 4846 extribuerit.
1496 4792 1620 4862 Curtaque
1648 4791 1763 4865 Smyrna
1791 4797 1889 4854 ciuitas
1913 4799 1983 4855 Asi-e

357 4884 451 4955 gravit
471 4884 542 4954 apud
560 4882 699 4940 Romanos
718 4900 783 4941 ann.
800 4900 861 4940 nr.
876 4881 925 4939 ilic
938 4885 1147 4955 cogrrmninatus
1198 4884 1334 4941 corruerit
1354 4894 1434 4940 terrae
1448 4894 1534 4951 rnotu,
1548 4901 1596 4955 per
1612 4886 1774 4942 decennium
1790 4890 1823 4944 ad
1840 4891 1928 4961 ipsius
1944 4894 1983 4946 in-

357 4982 399 5032 est
423 4974 522 5032 AElius.
548 4974 775 5032 facundissimus
797 4975 849 5032 iuit
870 4988 898 5031 et
920 4975 1147 5048 diligentissimus
1198 4975 1395 5031 emanationem
1419 4974 1519 5030 tributa
1541 4977 1656 5031 remisit.
1682 4975 1783 5034 Octauo
1806 4996 1881 5037 antro
1902 4982 1983 5038 llarci

356 5068 431 5125 circa
448 5069 586 5136 aerarium,
603 5077 631 5123 ct
648 5069 764 5123 militum
783 5069 965 5139 disciplinam.
987 5068 1148 5139 inutraque
1196 5067 1329 5123 dtrtonini
1343 5067 1423 5123 Soter
1439 5066 1532 5124 Rornae
1546 5069 1575 5125 iit
1589 5084 1669 5141 papa.

357 5161 450 5234 lingua
470 5161 583 5233 peritus.
606 5160 685 5216 Pater
704 5161 803 5217 Patriae
825 5161 926 5218 dictus.
943 5160 1055 5217 Tributa
1071 5162 1147 5217 urbis
1315 5158 1355 5214 ne
1369 5157 1511 5215 Commodo
1529 5160 1614 5215 ilorci
1626 5162 1683 5230 filio
1698 5164 1867 5234 imperatore.

357 5254 499 5310 relaxarit.
522 5253 746 5309 Alexandriama
768 5252 901 5310 Romanis
920 5254 1078 5310 subversam
1094 5269 1146 5324 pn·
1233 5250 1312 5306 butro
1335 5251 1370 5305 ab
1390 5250 1580 5307 incarnatione
1602 5251 1711 5309 Domini
1737 5255 1800 5323 l8l,
1815 5255 1984 5314 Cemtnodus

356 5346 435 5402 blicis
454 5344 619 5403 instaurarit
630 5346 775 5417 expensis3
793 5354 820 5401 et
839 5344 873 5399 ad
888 5345 1096 5401 instaurandam
1108 5347 1148 5401 ci·
1197 5342 1280 5400 llarci
1294 5343 1368 5402 lilius
1383 5345 1506 5415 regnarit
1519 5345 1591 5415 apud
1606 5344 1745 5404 Romanos
1758 5365 1823 5404 artu.
1838 5366 1899 5406 ειη.
1913 5350 1984 5405 Nihil

357 5439 468 5495 ritatem
488 5437 663 5504 Nicomedia,
678 5453 739 5509 quae
755 5439 782 5492 in
801 5446 881 5493 terre
900 5446 977 5494 motu
993 5446 1146 5507 corruerat,
1197 5446 1342 5507 paternum
1358 5437 1463 5503 babuit,
1478 5437 1531 5492 nisi
1547 5439 1619 5506 quod
1635 5439 1894 5498 corrtraCermanes
1907 5443 1986 5498 dimi·

350 5529 391 5595 ¹de
404 5530 514 5600 publico
524 5530 749 5599 deditexpensas.
763 5526 976 5584 Atheniensibus
990 5527 1041 5583 sibi
1054 5537 1148 5597 peten-
1198 5529 1281 5586 cauit.
1298 5528 1484 5600 Septembrem
1503 5542 1519 5582 a
1541 5545 1592 5585 sue
1615 5533 1725 5588 nornine
1738 5533 1923 5591 Cernmoduru
1937 5553 1984 5590 ne-

357 5619 430 5675 tibus
442 5619 476 5676 rie
494 5619 572 5677 libris
587 5619 718 5676 Draconis
732 5626 760 5674 et
777 5617 886 5675 Solonis
904 5618 968 5690 jura
981 5619 1146 5688 compesuit.
1198 5621 1298 5677 minari
1309 5621 1406 5677 uoluit.
1418 5620 1550 5678 Thermas
1563 5621 1657 5679 lionam
1671 5624 1745 5682 iecit.
1766 5625 1866 5684 Uxoris
1887 5632 1984 5699 poculo

354 5710 457 5769 Contra
476 5711 617 5768 Sarmatas
641 5712 742 5768 bellum
766 5711 874 5783 gessit.
888 5709 999 5767 iudaees
1014 5712 1146 5778 secundo,
1197 5724 1240 5772 est
1255 5714 1373 5771 occisus.
1383 5713 1459 5770 eleo
1472 5730 1589 5786 nequam
1605 5716 1666 5786 luit,
1677 5720 1845 5790 quodetiam
1860 5732 1986 5778 mortuus

355 5799 480 5858 Romano
497 5802 612 5874 imperio
633 5804 796 5860 rebellantes
818 5805 1025 5862 annosecundo
1039 5804 1147 5875 imperii
1199 5807 1313 5864 bomani
1333 5808 1443 5878 generis
1465 5808 1604 5864 diceretur
1626 5811 1772 5878 inimicus,
1797 5814 1862 5884 quia
1886 5815 1986 5870 maritos

299 5901 303 5908 ’
354 5895 399 5950 uui
416 5895 497 5966 cepit.
517 5895 612 5955 Sirius
629 5913 699 5971 papa
716 5896 810 5955 Rornae
828 5899 909 5955 sedit.
926 5896 1149 5956 Sixtosuceessit
1199 5899 1464 5957 nobilesirrteriecit.
1489 5902 1580 5963 lictor
1602 5905 1758 5962 Eleutherio
1781 5907 1809 5961 in
1836 5909 1985 5979 apostoliea

355 5984 548 6060 Telesphorus.
1199 5993 1264 6049 sede
1282 5992 1424 6048 successit.
1450 5993 1553 6068 llisque
1580 5997 1748 6068 temporibus
1772 5997 1887 6055 luerunt
1906 5999 1987 6056 Cata·
2019 6070 2022 6079 Ι

1201 6083 1320 6157 Phili&
1347 6083 1501 6184 {Phryga
1517 6088 1590 6171 dicti
1618 6088 1750 6160 baeretici,
1775 6090 1822 6163 qui
1851 6095 1986 6153 ecorum
