4350 6709
350 532 404 588 aaa
959 529 1118 587 innuunt
1137 527 1349 586 snuuttxu
1917 490 1968 579 tat

350 650 425 721 loqui
437 649 512 704 libet.
528 646 588 719 lpsa
599 647 682 704 etiam
695 654 737 702 est
748 647 932 718 contemptrix
951 648 1014 702 ritae
1028 655 1134 718 tempo·
1148 651 1172 711 ti
1184 661 1244 702 esse
1256 651 1360 700 vastem
1374 641 1535 715 nuptialem.
1556 656 1618 713 qttae
1638 655 1654 696 a
1669 639 1749 697 uobis
1764 638 1873 710 plenius
1894 647 1970 693 arcet

349 740 567 803 ralis.eounerio
576 739 897 805 multitudinis‚velameu
910 746 1013 806 reatus,
1025 739 1134 811 signum
1185 737 1272 808 frigus
1290 732 1469 791 landelinus.
1483 732 1543 803 Qua
1560 742 1636 791 reste
1650 732 1697 788 ille
1708 732 1809 797 caruit,
1824 730 1874 802 qni
1889 730 1918 784 in
1931 737 1968 785 te·

349 834 471 890 caelestis
481 831 672 903 discipulatus.
1184 830 1283 885 uebras
1293 826 1442 883 exteriores
1456 825 1526 883 mitti
1541 824 1648 881 meruit.

382 925 485 997 Linpna
497 925 607 980 dolata:
616 925 674 992 liic,
683 926 863 998 qncmcdcsit
877 925 1059 995 contemptrix
1073 925 1135 983 ritae
1219 918 1322 990 lriapaa
1333 917 1426 973 dolata
1436 915 1595 984 :Quomodo
1602 917 1723 973 charitas
1737 922 1780 971 est
1793 914 1904 985 signnm
1916 925 1973 968 coe·

347 1020 518 1090 temporalis.
1183 1008 1261 1066 iestis
1278 1007 1476 1077 discipulatus?

364 1088 466 1164 'Amor
475 1109 546 1165 Det:
566 1109 728 1178 Considera,
743 1110 880 1182 quomodo
891 1109 938 1165 nat
953 1108 1005 1165 mei
1020 1109 1136 1179 Aposto-
1216 1102 1301 1157 aanor
1316 1101 1386 1158 Dei:
1405 1100 1478 1158 Deus
1502 1116 1579 1157 meus
1593 1115 1648 1156 non
1664 1099 1703 1155 ait
1725 1095 1872 1169 discipulis
1896 1094 1970 1163 suit,

348 1199 392 1256 lus
407 1200 541 1258 charitate
554 1202 685 1272 praedltus
700 1201 740 1256 ait
754 1217 772 1255 ε·
784 1200 868 1271 Capio
882 1200 1006 1261 dissolri.
1029 1209 1054 1255 et
1076 1217 1135 1255 erae
1182 1195 1257 1267 quod
1268 1194 1296 1249 in
1309 1193 1512 1250 illuminatione
1526 1209 1673 1259 cecorum,
1689 1190 1870 1247 mundatione
1881 1187 1972 1259 lepro-

348 1309 409 1347 eann
435 1291 544 1350 ctrtrn
567 1294 656 1366 (Pntt.
678 1294 714 1365 r).
734 1294 767 1349 Fa
786 1293 858 1350 Deua
875 1309 952 1351 meus
964 1309 1013 1364 per
1026 1278 1133 1367 sealt:
1183 1300 1290 1350 eorum,
1302 1265 1482 1340 suscitatione
1499 1293 1680 1347 mortuorum,
1697 1282 1739 1339 sui
1756 1286 1973 1353 agnoscerentur·

349 1382 647 1454 idajaremrbaritatem
668 1400 742 1438 nemo
755 1383 843 1448 babet,
867 1399 946 1454 ptam
963 1393 992 1436 et
1016 1385 1134 1438 animam
1182 1392 1244 1434 csse
1255 1375 1393 1446 discipuli.
1420 1372 1473 1429 Sed
1492 1374 1551 1430 ait:
1574 1373 1607 1430 ln
1629 1373 1676 1428 boe
1700 1380 1854 1444 cupaoreent
1869 1385 1969 1432 omnes,

350 1493 428 1532 enam
443 1488 524 1546 ponat
531 1477 589 1547 pair
603 1493 651 1546 pra
663 1477 763 1531 amicir
771 1477 826 1530 reia
843 1474 935 1549 (barn.
951 1475 1008 1545 rt).
1182 1471 1246 1543 qnia
1261 1468 1311 1522 mei
1326 1468 1390 1524 ertit
1410 1465 1545 1537 discipali,
1557 1466 1581 1521 ti
1593 1464 1759 1520 dilectiorem
1774 1460 1925 1516 habueritis
1937 1459 1969 1514 ad

384 1570 484 1641 binata
499 1570 594 1626 dolosa
606 1587 613 1623 :
625 1570 681 1626 lloc
694 1569 793 1642 pande,
806 1570 943 1642 quamodo
955 1571 1134 1629 ritcannexio
1183 1563 1293 1617 inuicem
1308 1557 1401 1634 (baca.
1421 1558 1491 1630 ant).
1506 1556 1568 1630 ipsa
1591 1557 1714 1613 ebaritas
1733 1563 1776 1611 est
1790 1552 1968 1625 perfectionis

349 1661 540 1716 mttltitndinis.
1182 1653 1335 1719 uinculum,
1356 1652 1420 1722 quia
1433 1666 1515 1706 omne
1529 1664 1598 1719 opus
1612 1663 1627 1702 a
1641 1646 1793 1703 tentatione
1803 1645 1860 1701 citu
1870 1643 1970 1700 dissul-

385 1750 468 1804 Amor
485 1749 554 1805 Dei:
574 1747 711 1818 lictorque
727 1746 826 1802 mentis
845 1753 899 1801 luae
914 1744 1012 1800 cenius
1026 1742 1059 1798 ad
1075 1745 1133 1814 pri·
1181 1745 1266 1817 titur,
1280 1745 1302 1801 si
1314 1759 1369 1799 non
1381 1759 1430 1815 per
1440 1741 1602 1797 charitatem
1615 1739 1725 1811 ligatur.

348 1842 453 1897 mordis
467 1849 568 1896 sauetae
581 1840 719 1902 Ecclesia,
730 1839 775 1893 ubi
785 1837 961 1892 multitudinis
973 1836 1133 1891 credentium
1217 1836 1321 1907 binata
1334 1834 1446 1891 dolata:
1462 1832 1555 1889 'laedet
1567 1846 1611 1887 me
1621 1829 1757 1887 sermonis
1772 1829 1823 1885 tui.

347 1938 405 1983 erat
422 1945 468 1983 cor
479 1945 560 1982 anum
581 1939 605 1982 et
620 1931 708 1983 anima
722 1945 775 1982 una
790 1927 862 2000 (Act.
880 1927 929 1999 tv),
945 1935 973 1983 et
985 1927 1047 1983 vide
1060 1942 1130 1997 uuo·
1183 1920 1193 1940 ⁸
1216 1925 1362 1983 dmcrlbei
1375 1923 1505 1981 :Gratias
1521 1936 1572 1992 ago
1588 1920 1643 1977 Deo
1663 1936 1733 1984 meo,
1756 1919 1829 1990 quod
1845 1918 1971 1989 aliquan-

348 2021 430 2076 moda
445 2021 591 2076 multitudo
603 2023 630 2076 in
650 2037 734 2076 unum
748 2022 974 2085 connectebatur,
988 2035 1050 2089 ortae
1064 2019 1132 2075 sibi·
1147 2007 1169 2063 Β
1183 2018 1270 2075 tulum
1281 2017 1410 2075 uersutia
1421 2025 1476 2072 tnae
1490 2015 1586 2087 sopitae
1600 2013 1655 2069 sint
1673 2028 1680 2064 ι
1696 2011 1777 2067 modo
1795 2011 1875 2071 siles.
1891 2011 1972 2066 modo

347 2119 402 2167 trret
414 2112 442 2167 iu
460 2113 577 2184 quadam
593 2113 682 2179 suari,
692 2121 720 2168 et
733 2111 861 2169 laudabili
876 2111 1022 2168 eoncordia
1033 2111 1132 2183 junge·
1181 2112 1254 2168 ricta
1269 2110 1355 2181 jaces,
1371 2110 1437 2181 quia
1458 2116 1486 2165 te
1512 2107 1587 2178 loqui
1610 2121 1665 2162 non
1690 2111 1798 2159 tanturn
1814 2101 1908 2168 tedet,
1924 2101 1972 2158 sed

347 2203 437 2261 batur.
1182 2204 1264 2259 etiarn
1277 2203 1370 2273 pudet.
1387 2201 1421 2256 Et

383 2299 487 2372 binpra
501 2301 594 2357 dolosa
609 2321 619 2360 .·
635 2300 778 2370 Quomodo
790 2307 833 2358 est
843 2302 966 2358 velamen
984 2302 1098 2358 reatus?
1184 2334 1427 2352 .........
1446 2291 1510 2348 lam
1523 2293 1592 2347 uicta
1602 2291 1716 2361 jacebis,

381 2394 464 2444 Amor
480 2390 550 2445 Dei:
565 2391 634 2459 Quia
650 2400 680 2446 nt
690 2391 809 2447 dicitur:
824 2390 949 2448 Claritas
965 2394 1048 2463 aperit
1059 2392 1131 2447 mol·
1186 2386 1307 2457 Neejam
1318 2388 1470 2459 mortiferas
1482 2387 1590 2442 audebit
1607 2402 1730 2458 sparprre
1743 2385 1881 2454 dammae,

346 2478 484 2534 titudinem
497 2491 664 2551 peccatorum
675 2480 746 2553 (bae.
758 2483 797 2551 r).
810 2480 843 2536 m
857 2482 921 2538 alibi
933 2481 1045 2546 dicitur,
1057 2483 1130 2553 quod
1184 2480 1288 2552 Linpuc
1301 2480 1394 2536 dolosa
1412 2480 1495 2548 cadit,
1513 2496 1593 2552 qnam
1608 2487 1715 2534 sanctae
1736 2493 1812 2530 arator
1826 2473 1971 2543 superarit.

345 2570 574 2655 nniomradelt'cte
584 2575 667 2643 aperit
680 2573 799 2628 ebaritas
808 2571 900 2644 (Pron.
911 2572 950 2645 ι),
967 2573 1031 2631 scta
1043 2575 1132 2646 ipsam
1185 2558 1320 2630 Cbe'irtam
1331 2571 1475 2637 collaudet,
1491 2573 1537 2643 qui
1551 2579 1610 2643 port
1624 2570 1680 2626 bare
1693 2554 1787 2639 praelia
1796 2565 1904 2640 pandet.

619 2952 1057 3068 emonam!
1097 2954 1695 3072 mannicum

694 3162 758 3238 Qui
786 3163 848 3226 sub
864 3163 1030 3227 Friderico
1051 3163 1242 3229 Barbarossu
1263 3163 1458 3246 imperatore
1477 3166 1610 3247 scripsit

559 3350 869 3549 rusucuts
911 3435 1118 3550 uttan
1170 3435 1262 3551 nn
1299 3436 1756 3554 unumunurn
1820 3565 1824 3575 ,

1126 3675 1167 3719 ii'l'

649 3833 1140 3928 tunitttontntts
1179 3835 1654 3963 nultcrtosottutt.

526 4026 568 4104 (Il.
581 4029 664 4087 Bern.
682 4026 792 4096 Psaros,
805 4027 934 4085 Bibliarb.
945 4035 1039 4093 arcet„
1056 4035 1078 4083 t.
1093 4025 1125 4092 ll,
1138 4041 1164 4096 p.
1177 4027 1204 4093 l,
1223 4043 1257 4084 ex
1269 4043 1321 4085 ms.
1338 4028 1400 4086 cod.
1415 4029 1589 4087 bibliotheca
1604 4030 1792 4107 llellicensio.)

1137 4214 1174 4227 μ

998 4353 1307 4449 montrum,

381 4721 414 4780 m
429 4724 544 4781 alterum
561 4723 612 4778 boc
625 4721 799 4777 ltttttortecoe
813 4722 939 4778 breetiear
958 4721 1165 4794 Antiqua-noua
1182 4724 1310 4779 volumen
1329 4723 1363 4778 ab
1375 4723 1518 4796 Anonymo
1532 4740 1670 4796 auspccr,
1685 4741 1766 4795 cutus
1787 4735 1889 4797 praeter
1903 4736 1972 4786 etr·

345 4801 401 4850 tem
414 4803 442 4851 et
457 4795 590 4857 ordinem,
606 4809 687 4864 quem
702 4792 907 4848 Benedictinum
923 4792 1009 4849 inisse
1023 4809 1057 4849 ex
1072 4810 1134 4864 cap.
1155 4793 1192 4849 25
1213 4804 1256 4850 sat
1275 4794 1409 4864 liquidum
1433 4795 1563 4857 arbitror.
1589 4796 1693 4866 reliqua
1713 4812 1797 4867 propo
1811 4800 1907 4854 omnia
1924 4805 1974 4856 ob·

344 4880 427 4920 scura
441 4866 600 4934 incertaque
614 4872 687 4945 sunt.
705 4862 768 4946 'imo
789 4879 822 4944 ex
840 4880 901 4935 cap.
930 4863 965 4919 32
985 4863 1094 4920 videtur
1109 4872 1206 4919 auctor
1220 4866 1283 4920 data
1298 4880 1382 4936 opera
1397 4880 1496 4920 nomen
1516 4882 1595 4922 snum
1615 4867 1731 4930 celasse,
1749 4867 1795 4924 nbi
1810 4879 1910 4925 eontra
1924 4872 1974 4926 olr-

347 4942 510 4991 trectatores
528 4951 594 4990 suos
610 4935 636 4988 id
660 4932 713 4991 srbr
731 4934 829 4989 solatio
851 4935 972 4989 buturum
991 4934 1138 4995 existimat.
1153 4936 1224 5006 qood
1240 4951 1380 5005 perronam
1396 4936 1513 4990 aectoris
1529 4938 1658 5008 ipnarent.
1674 4935 1755 4993 Forte
1774 4949 1865 4994 taurea
1882 4939 1911 4995 id
1926 4942 1973 4996 tio-

345 5004 400 5076 tegi
420 5013 523 5088 posset,
539 5006 561 5060 si
576 5005 645 5061 alter
658 5003 781 5072 eiusdem
805 5003 923 5087 libellus,
941 5019 1021 5074 quem
1038 5002 1231 5070 inutiliorem,
1246 5004 1459 5077 preterendum
1472 5005 1558 5061 Deam
1578 5015 1652 5071 ratri,
1677 5006 1830 5078 inscripsit,
1850 5016 1879 5064 et
1900 5011 1971 5066 intra

343 5075 457 5217 tii?
464 5075 783 5216 inimitabili
795 5078 970 5227 'cb'bbbbb
983 5074 1928 5231 ittntltlltbtttit‘litilttlttililtttltt‘.
1939 5098 1973 5207 ‘l

345 5223 453 5298 etatem
468 5232 502 5272 ex
514 5231 577 5272 asse
589 5216 684 5282 relert,
699 5222 727 5268 at
749 5230 782 5270 ue
796 5215 864 5296 adeo
877 5232 923 5270 utx
937 5216 1019 5297 auum
1033 5230 1115 5286 quarn
1129 5216 1255 5298 eumdem
1270 5225 1410 5299 auctorem
1430 5216 1522 5275 babet.
1544 5216 1631 5272 Purra
1648 5219 1676 5273 id
1690 5217 1733 5273 bis
1748 5220 1843 5275 verbra
1858 5224 1974 5277 conclu·

344 5284 405 5342 tlrl:
425 5286 608 5341 Verumtamen
629 5285 725 5340 abaron
776 5285 915 5355 epistolam
933 5286 972 5340 oei
987 5285 1094 5349 libram,
1115 5302 1139 5340 rt
1154 5286 1195 5341 ric
1211 5302 1294 5357 mama
1307 5287 1383 5357 elipit
1398 5289 1547 5354 nominari,·
1560 5289 1601 5343 uei
1615 5289 1639 5342 ri
1655 5289 1798 5360 procubare
1813 5290 1970 5356 decreberis.

346 5365 403 5411 tace
417 5374 510 5412 nomen
525 5357 651 5411 auctoris.
667 5354 748 5410 Norit
763 5356 1044 5419 necromanticam
1058 5356 1109 5410 scii
1129 5358 1215 5412 omnir
1234 5357 1319 5412 bonor
1331 5367 1357 5412 et
1371 5357 1469 5428 picria.
1484 5366 1539 5415 etc.
1562 5358 1597 5414 Ut
1612 5359 1680 5415 adeo
1695 5359 1845 5415 universim
1864 5365 1972 5418 auctari

345 5430 515 5552 ppobpositum
526 5427 619 5554 gulose
632 5427 767 5551 bidtbbbbr'
785 5426 896 5552 edipgsia
912 5443 942 5551 sp
958 5426 1057 5551 ΙῡὲειΙΙίε
1072 5427 1114 5551 '5¹
1128 5427 1286 5552 modestiaet„
1297 5427 1649 5554 rcl5declinaudaevinpidite
1669 5443 1754 5554 capsa
1769 5445 1970 5554 npmensuum

345 5511 407 5624 bne
420 5512 975 5651 ititutilitlimitabit:
989 5513 1006 5622 i
1019 5513 1066 5624 tl
1081 5514 1124 5622 υἱ
1139 5514 1265 5633 iiiiii
1277 5500 1327 5633 'tl
1345 5498 1662 5640 ltittttttttbttl
1681 5515 1911 5628 institnit
1923 5519 1971 5628 tt

345 5639 473 5708 opusculi
488 5637 616 5696 floruisse
630 5638 682 5695 sul)
695 5635 837 5694 liuderico
851 5637 1016 5694 barbarossa
1031 5638 1221 5709 planissimum
1236 5648 1279 5695 est
1299 5654 1333 5695 ex
1352 5654 1413 5710 cap.
1430 5639 1474 5702 59,
1491 5641 1539 5696 ubi
1552 5648 1643 5696 exstat
1664 5640 1739 5699 illius
1758 5641 1790 5695 rb
1809 5641 1907 5700 tbmus
1921 5644 1970 5698 ad·

346 5723 442 5766 rursus
456 5709 606 5795 monachos
621 5710 669 5793 qui
685 5709 713 5764 in
722 5708 902 5792 ‚mpediticne
915 5723 1040 5792 sacrare
1053 5707 1195 5792 l'rideriec
1209 5709 1371 5791 imperatore
1385 5711 1413 5764 in
1429 5716 1531 5792 terram
1552 5719 1677 5795 sanctam
1702 5726 1775 5795 anno
1791 5655 1862 5768 bito
1876 5729 1970 5771 susce·

345 5778 1970 5925 manumittittlibiinclitissimistitttl'liittltzitt‘tmttt,“illiattttttt

381 5986 422 6056 tttt
439 5988 535 6047 ursan
547 5988 628 6049 intra.
