4350 6709
281 488 338 550 ll?
905 493 1124 552 tttTittth'.'-
1141 494 1205 551 [AB.
1225 494 1267 551 ΙΙΙ.
1528 450 1535 469 ⁸
1847 501 1901 558 tta

281 621 341 666 tum
357 607 466 666 idcirco
494 609 525 666 m
547 625 580 666 ex
601 626 680 681 pane,
703 611 769 682 quia
780 611 907 668 Christus
925 627 955 668 se
972 625 1068 682 panem
1083 613 1108 673 Δ
1121 612 1279 682 sanguinem
1293 613 1400 679 transit;
1417 614 1479 685 quia
1495 615 1631 686 paschalis
1645 613 1738 686 dgnus
1752 628 1801 684 pro
1816 616 1895 673 nobis

282 705 395 768 asserit,
405 703 619 776 diceusergo
630 720 691 760 sum
708 707 788 775 panis
803 706 883 761 rivus
897 706 945 776 qui
955 705 989 759 de
999 703 1069 760 coelo
1122 706 1230 761 occisus
1252 706 1284 773 ⁸⁶,
1313 721 1422 765 carnem
1444 716 1563 762 nostram
1594 723 1610 762 a
1637 716 1724 763 morte
1738 706 1861 775 redemit,
1876 715 1904 763 et

282 794 418 850 descendi
429 793 463 861 ⁸⁸,
479 814 490 846 t
506 795 541 851 dc
555 796 742 867 quodicitur:
762 817 771 849 r
789 795 890 852 Partem
909 795 1069 867 angelorum
1121 798 1280 867 sangninem
1305 797 1433 866 lundens,
1459 798 1603 870 pronubis
1623 799 1742 855 animam
1756 815 1833 855 suam
1855 815 1904 870 po·

281 885 463 942 moderavit
488 887 571 944 horno
588 887 623 942 ³⁸.
640 906 651 941 a
670 886 719 944 l'el
733 889 797 958 quia
812 889 883 944 sicut
894 889 972 958 panis
986 888 1071 946 conli-
1121 887 1218 953 suit⁸⁷,
1234 896 1261 942 et
1274 888 1392 946 animam
1410 898 1607 959 nostramque
1630 889 1805 960 insanguine
1826 890 1904 946 habi·

280 978 354 1032 citur
368 994 403 1033 ex
423 978 518 1034 multis
534 979 637 1049 granis,
654 981 690 1034 ita
708 981 850 1050 personale
876 995 976 1051 corpus
991 979 1071 1035 Chri·
1121 986 1186 1032 tata
1199 978 1359 1044 criminibus
1380 979 1498 1050 expiarit
1519 981 1551 1035 ⁸⁸.
1577 979 1610 1033 Et
1622 979 1730 1037 attende
1741 981 1825 1051 quod,
1840 981 1903 1037 licet

281 1071 362 1125 stiex
369 1071 645 1140 multismembris,et
652 1073 787 1142 generale,
800 1073 874 1144 quod
885 1080 927 1128 cst
937 1071 1069 1142 Ecclesia,
1121 1070 1176 1126 sint
1188 1072 1248 1127 duae
1262 1074 1376 1151 species,
1390 1089 1444 1128 non
1469 1080 1559 1129 tamen
1586 1080 1650 1128 sunt
1677 1073 1732 1128 duo
1756 1073 1901 1130 sacrificia.

280 1162 427 1218 exmaltis
453 1162 625 1219 lidelibus³⁷.
642 1163 733 1219 Grana
753 1180 817 1219 roro
839 1165 872 1220 dc
896 1164 983 1220 thecis
1012 1167 1070 1220 suis
1124 1161 1219 1220 Unitas
1244 1165 1316 1222 enim
1337 1163 1417 1220 Verbi
1436 1165 1568 1219 uilitatem
1589 1163 1671 1221 ellicit
1694 1163 1830 1220 sacrificii.
1846 1161 1904 1222 lloe

279 1252 396 1324 &gellis
426 1255 613 1320 excutiuntur,
639 1256 758 1311 arelacta
774 1257 846 1311 inter
868 1257 938 1311 duos
965 1256 1070 1328 lapides
1120 1269 1162 1313 est
1173 1258 1246 1317 euim
1259 1258 1324 1312 illud
1337 1258 1459 1328 pallium,
1475 1274 1529 1330 quo
1544 1256 1600 1313 Noc
1612 1257 1659 1312 lilii
1677 1265 1855 1313 contexerunt
1868 1257 1902 1326 δ’,

279 1357 473 1416 conteruntur,
500 1365 533 1404 ex
560 1349 661 1418 quihus
692 1350 780 1405 iarina
810 1348 892 1415 iacta,
918 1351 1070 1421 aspergitur
1121 1362 1176 1418 quo
1188 1345 1335 1404 Christiani
1351 1348 1452 1405 Christi
1467 1350 1635 1416 ebrietatem,
1652 1349 1678 1403 id
1693 1361 1735 1406 est
1748 1352 1902 1422 passionem

280 1455 366 1509 aqua,
378 1450 405 1496 ct
416 1442 642 1511 compastinatu13
658 1441 719 1495 inde
732 1441 811 1511 panis
821 1440 910 1496 lactus
923 1443 949 1495 in
963 1443 1070 1502 clibano
1121 1438 1173 1494 sub
1186 1440 1322 1496 sacrificio
1336 1451 1438 1512 tegunt.
1454 1439 1538 1496 Panis
1553 1441 1604 1496 iste
1619 1451 1710 1497 utrum
1732 1442 1829 1499 debeat
1843 1459 1904 1499 csse

280 1533 411 1598 mittitur,
437 1533 486 1602 qui
500 1531 628 1590 decoctus
655 1534 683 1586 in
703 1533 850 1589 candorem
873 1542 1006 1590 mutatur.
1031 1533 1069 1591 lta
1120 1532 1262 1603 dcazymo
1276 1532 1463 1588 rellcrmcnto
1477 1534 1592 1605 quaestio
1606 1541 1648 1589 est
1663 1542 1772 1605 propter
1792 1534 1903 1590 Greco-

280 1625 386 1679 Christi
414 1623 547 1688 membra,
563 1624 606 1679 rel
618 1623 756 1691 Christus,
772 1624 863 1680 nobile
885 1641 1011 1696 granum,
1037 1628 1071 1686 de
1121 1639 1181 1678 rum
1193 1624 1425 1694 importunitatem
1439 1643 1446 1692 ;
1462 1625 1538 1680 aiunt
1549 1626 1622 1680 enim
1632 1643 1639 1678 z
1651 1624 1733 1680 Beata
1747 1622 1906 1696 iirgoprae·

280 1730 337 1783 quo
354 1733 361 1768 :
386 1734 395 1766 r
413 1712 472 1770 Nisi
493 1728 608 1784 granum
619 1714 748 1770 immenti
760 1716 870 1781 cadens,
895 1717 982 1781 etc,³⁸
1000 1736 1024 1782 x,
1037 1718 1070 1773 dc
1121 1733 1207 1787 gnaris
1220 1717 1311 1773 luitdc
1323 1717 1424 1789 Spiritu
1437 1727 1543 1787 saneto,
1559 1729 1634 1775 recto
1645 1734 1712 1790 ergo
1724 1734 1771 1789 per
1787 1718 1905 1775 sermen-

282 1806 374 1870 thera,
397 1806 424 1859 il
438 1814 482 1861 est
499 1805 630 1864 comitatu
656 1806 842 1876 apostolorum
868 1808 965 1878 gladiis
984 1817 1012 1863 et
1027 1808 1071 1864 iu·
1122 1815 1206 1862 tarum
1219 1809 1406 1879 significamus
1420 1808 1588 1864 liorninicam
1600 1810 1827 1877 incarnationem,
1838 1824 1904 1880 pro·

282 1900 372 1955 stibus
384 1909 540 1970 separatus,
562 1898 717 1970 opprobriis
729 1899 888 1969 arefactus;
905 1900 1034 1958 aludreis
1042 1911 1071 1963 et
1121 1909 1180 1970 pter
1195 1900 1310 1972 virginei
1322 1901 1423 1957 ventris
1434 1909 1579 1958 tumorem.
1590 1901 1751 1974 Respondco
1764 1922 1770 1958 ε
1786 1901 1846 1957 Non
1862 1902 1904 1957 oi-

282 1993 411 2061 gentibus
425 1992 507 2061 quasi
525 1991 633 2047 duobus
649 1990 784 2061 lapidibus
806 1991 968 2064 flagellatus,
994 2010 1009 2050 a
1027 2009 1071 2049 re·
1084 1959 1107 2016 B
1120 1991 1234 2049 ierimus
1261 1994 1289 2048 in
1314 1994 1479 2049 sacrificium
1500 1993 1624 2066 Virginis
1647 2005 1766 2064 uterum,
1792 2011 1843 2051 nec
1870 1993 1904 2050 ad

282 2084 371 2154 probo
383 2082 509 2138 barabba
520 2084 600 2154 quasi
608 2097 656 2154 per
669 2082 790 2138 cribrum
802 2092 998 2153 sequestratus,
1007 2099 1070 2154 pro·
1121 2083 1435 2140 transsubstantiandum
1447 2085 1584 2141 credimus
1594 2095 1699 2142 uterum
1708 2086 1903 2154 necessarium,

282 2177 343 2246 prio
362 2176 499 2246 sauguine
518 2189 695 2246 conspersus,
724 2175 799 2230 cruci
824 2174 980 2246 configitur,
1007 2191 1070 2246 pas-
1121 2175 1169 2231 sed
1181 2175 1260 2231 tidem
1274 2186 1302 2231 ct
1313 2175 1360 2231 Dei
1373 2178 1484 2233 verbum
1499 2196 1506 2246 ;
1520 2179 1567 2250 qui
1581 2179 1653 2237 enim
1666 2178 1793 2235 manibus
1806 2193 1903 2249 opera·

282 2268 368 2323 monis
398 2268 462 2338 igne
479 2267 609 2325 decoctus
632 2267 661 2320 in
686 2266 832 2324 candorem
857 2266 1071 2325 immortalitatis
1121 2278 1175 2338 tur,
1195 2280 1222 2325 ct
1232 2269 1345 2326 verbum
1356 2269 1433 2339 dicit,
1447 2271 1496 2327 sed
1518 2287 1573 2331 non
1592 2273 1690 2340 eredit,
1706 2281 1747 2329 est
1763 2273 1857 2328 asinus
1870 2272 1905 2329 ad

282 2359 448 2414 coirrertitur
460 2358 491 2411 ”.
1120 2362 1206 2434 lyram
1223 2379 1304 2420 aures
1326 2363 1459 2435 arrigens,
1473 2362 1520 2421 sed
1532 2364 1673 2424 cantilenae
1687 2364 1833 2420 melodiam
1848 2379 1905 2419 nou

317 2452 427 2508 Fideles
436 2466 546 2522 quoquc
556 2450 590 2506 de
601 2460 680 2507 theca
695 2450 795 2506 veteris
806 2450 868 2507 ritae
880 2449 984 2522 flagello
1001 2467 1071 2522 prm·
1121 2451 1296 2524 intelligens:
1313 2453 1446 2526 undequi
1471 2454 1607 2511 risibilem
1633 2471 1731 2527 panem
1750 2454 1907 2512 comeditct

283 2545 428 2602 dicationis
442 2543 630 2610 excutiuntur,
642 2543 759 2598 arefiunt
770 2543 940 2613 penitentia,
954 2543 1070 2599 duarum
1122 2544 1286 2601 invisibilem
1297 2561 1351 2601 uon
1374 2547 1509 2604 eredendo
1530 2549 1650 2619 expellit,
1676 2546 1816 2605 Christum
1832 2547 1907 2604 occi·

283 2640 372 2708 trgum
385 2637 525 2692 cuduntur
548 2635 685 2703 doctrina,
699 2635 855 2692 cribrantur
878 2634 944 2690 dum
960 2634 994 2690 ab
1007 2635 1070 2690 inii·
1121 2635 1180 2702 dit;
1210 2637 1274 2707 quia
1294 2639 1378 2694 ritant
1401 2655 1418 2696 a
1439 2639 1603 2696 rivilieando
1628 2640 1756 2712 seiungit,
1785 2641 1906 2713 etquasi

284 2730 391 2785 delibus
402 2735 593 2799 segregantur,
608 2735 827 2798 consperguntur
839 2744 910 2799 aqua
922 2728 1071 2796 baptisma·
1122 2735 1261 2782 mortuum
1284 2743 1384 2800 corpus
1411 2729 1495 2785 laniat
1521 2730 1659 2787 sacrificii.
1685 2729 1762 2787 Unde
1779 2747 1842 2787 rcus
1865 2740 1907 2786 cst

283 2823 328 2886 tis,
341 2819 579 2890 compastinantur
589 2817 699 2873 vinculo
713 2817 899 2883 charitatis⁶⁸,
915 2818 944 2872 in
963 2819 1072 2874 camino
1123 2820 1245 2891 corporis
1256 2830 1283 2876 et
1294 2821 1436 2892 sanguinis
1450 2821 1558 2877 llonrini
1573 2823 1607 2878 ¹⁰.
1623 2821 1686 2878 llaec
1702 2828 1757 2879 rita
1778 2824 1907 2894 spiritua-

283 2911 472 2970 tribulationis
485 2910 603 2978 excocti,
631 2908 750 2964 candore
774 2909 937 2965 innocentie
960 2909 1072 2980 periuu-
1123 2908 1292 2980 liscst,quae
1318 2910 1399 2966 sicin
1423 2911 1560 2968 sacrillcio
1581 2912 1685 2984 absque
1708 2913 1762 2968 rita
1784 2914 1906 2979 animali,

284 3009 386 3062 duntur
402 3025 410 3074 ;
426 3014 455 3060 et
472 3005 508 3061 ad
523 3004 571 3059 bei
591 3000 738 3075 imaginem
760 3000 945 3058 reformantur
959 3003 981 3035 ⁸¹
997 3022 1005 3071 ;
1019 3004 1072 3060 hoc
1124 2999 1250 3056 sicutlnx
1265 3000 1332 3057 solis
1347 3002 1406 3057 sine
1429 3002 1531 3070 calore,
1556 3003 1638 3059 nobis
1651 3012 1861 3074 repraesentatur
1879 3006 1907 3059 in

285 3107 499 3156 sacramentum.
512 3094 575 3153 ldco
598 3093 629 3150 ht
649 3111 683 3152 ex
697 3093 761 3148 rino
775 3092 839 3162 quia
853 3092 980 3151 Christus
990 3109 1020 3150 se
1031 3095 1072 3149 ri·
1123 3105 1204 3162 opere
1217 3091 1297 3146 lutrae.
1310 3090 1374 3146 ltem
1389 3093 1428 3147 ait
1438 3091 1563 3150 Graecus:
1574 3092 1675 3166 hzyrna
1691 3093 1788 3155 oderrc
1804 3104 1846 3149 est
1863 3097 1908 3166 ju-

284 3206 335 3248 rem
347 3190 540 3249 iecitdiceus:
558 3209 567 3241 r
583 3203 634 3258 ego
647 3202 709 3259 sum
720 3189 784 3246 vitis
795 3201 859 3244 rora
869 3187 910 3254 ⁸¹;
927 3206 937 3239 t
954 3187 996 3244 rel
1007 3186 1072 3258 quia
1124 3182 1232 3240 dairare
1248 3202 1255 3252 ;
1274 3185 1298 3240 si
1310 3200 1375 3257 ergo
1392 3187 1445 3242 hoc
1459 3185 1554 3242 Latine
1577 3188 1751 3259 liguratirum
1762 3189 1909 3246 ohservare

285 3286 352 3341 sieut
371 3285 470 3338 vinum
485 3282 628 3338 coniicitur
640 3297 674 3337 ex
693 3282 791 3338 multis
799 3282 896 3349 acinis,
908 3282 948 3337 sic
960 3279 1073 3352 partiale
1087 3301 1109 3362 c
1125 3277 1277 3344 contendis,
1290 3278 1417 3349 iudaizas
1435 3279 1503 3334 etin
1521 3279 1644 3352 reliquis,
1659 3280 1686 3335 in
1698 3282 1909 3354 circumcisione

284 3393 384 3448 corpus
395 3375 501 3436 Christi
511 3389 545 3430 ex
555 3375 796 3440 multismcmhris,
811 3383 838 3430 et
850 3374 986 3446 generale,
1000 3371 1075 3445 quod
1126 3377 1152 3424 ct
1167 3369 1319 3426 sacrificiis.
1333 3370 1494 3442 Respondco
1509 3387 1517 3424 ε
1531 3369 1564 3426 Et
1576 3372 1688 3453 quidem
1700 3388 1793 3445 azyma
1805 3373 1909 3444 signill-

284 3471 471 3540 agfflffip,
483 3485 517 3526 eg
527 3469 620 3525 multis
631 3469 765 3526 fidelihus,
778 3470 864 3527 Acina
875 3470 904 3525 in
919 3469 994 3541 prelo
1006 3470 1076 3525 auo.
1126 3466 1171 3515 cat
1192 3469 1223 3517 ut
1241 3463 1384 3533 epulemur
1395 3464 1422 3518 in
1447 3464 1555 3537 azymis,
1569 3464 1733 3522 sinceritatis
1748 3474 1775 3521 et
1786 3465 1909 3520 ueritatis

286 3567 336 3623 bus
346 3565 433 3636 tignis
448 3562 618 3619 intorculari
628 3570 800 3632 premuntur,
826 3570 854 3617 ct
865 3563 893 3617 in
915 3562 1009 3617 vinum
1023 3561 1074 3616 eli·
1126 3555 1159 3610 ⁸¹.
1177 3553 1237 3611 Noa
1252 3565 1342 3612 tamen
1358 3557 1416 3614 haec
1440 3540 1494 3613 tani
1510 3560 1671 3615 necessarie
1695 3560 1734 3631 rei
1755 3558 1908 3630 abjicienda
1978 3622 1985 3633 Ι

284 3668 426 3731 quantun
456 3658 495 3714 ita
520 3655 642 3711 membra
665 3652 778 3723 Christi,
800 3655 843 3710 rel
869 3657 927 3727 ipse
949 3653 1075 3710 Christus
1125 3649 1327 3720 esttlgnratio:
1348 3650 1492 3706 nonenim
1513 3651 1710 3723 cunctaslegis
1734 3651 1910 3708 consuetudi-

284 3753 393 3809 duobus
402 3747 586 3821 ligniscrucis
597 3756 770 3818 pressusest,
782 3763 815 3804 ex
826 3749 904 3820 cujus
917 3748 1001 3804 latere
1011 3763 1075 3803 san·
1126 3755 1175 3796 ncs
1189 3740 1383 3810 significativas
1411 3740 1571 3811 abiecimus,
1603 3742 1650 3797 sed
1673 3743 1796 3813 quedam
1820 3742 1910 3798 adime

286 3847 345 3918 guis
358 3845 443 3902 lusus
454 3844 529 3905 est⁸¹
542 3863 550 3912 ;
564 3844 658 3900 fideles
672 3857 782 3915 quoque
800 3842 829 3897 in
841 3841 1075 3906 tribulationibus,
1126 3835 1208 3891 etiam
1224 3835 1368 3891 actualiter
1392 3834 1577 3902 celebrantur,
1594 3845 1732 3891 uteorum
1756 3836 1910 3908 signitlcata

285 3941 423 4013 pressuris
435 3922 702 4006 mundicalcautur,
717 3947 745 3995 ct
757 3938 919 4009 sanguinem
939 3937 1075 4009 prochri·
1126 3938 1318 4000 opportuneet
1345 3929 1500 4002 importune
1514 3930 1615 3986 nostris
1635 3928 1761 3986 sensibus
1785 3930 1911 4002 ingeran-

285 4044 328 4090 sto
338 4032 501 4099 tundentes,
525 4032 579 4103 ipsi
601 4047 650 4104 per
674 4033 829 4104 passionem
854 4032 1074 4102 incorporantur.
1127 4031 1193 4078 tur:
1210 4037 1273 4076 iram
1306 4021 1419 4101 templo,
1449 4019 1539 4086 altari,
1567 4020 1740 4085 candelabro,
1760 4021 1909 4090 thuribulo,

285 4123 341 4181 lloc
354 4132 573 4190 sacramentum,
595 4124 668 4181 sicut
691 4122 843 4180 Alexander
856 4138 927 4195 papa
940 4122 1073 4189 decrerit,
1126 4112 1196 4178 ⁰100,
1223 4111 1384 4183 plenilunio,
1407 4113 1434 4167 in
1456 4113 1557 4183 pascha
1573 4112 1685 4179 utimur,
1701 4121 1728 4167 et
1750 4111 1909 4180 similihna;

285 4217 358 4272 liter
372 4231 446 4287 aqua
463 4234 471 4283 ;
487 4215 615 4287 quoniam
641 4230 712 4285 aqua
733 4215 767 4270 de
781 4215 865 4270 latere
877 4213 979 4270 Christi
994 4213 1077 4269 exivit
1128 4222 1179 4264 nec
1193 4215 1282 4263 tamen
1298 4206 1326 4261 in
1340 4205 1383 4262 bis
1397 4205 1539 4276 judaizare
1554 4221 1706 4263 censemur.
1730 4202 1809 4280 Quod
1829 4205 1912 4277 igitur

285 4311 318 4375 ⁴⁵,
334 4311 378 4363 rel
389 4308 455 4379 quia
470 4323 548 4378 aqum
570 4309 662 4362 multae
682 4315 747 4363 sunt
761 4307 852 4378 populi
878 4306 957 4362 multi
976 4306 1011 4361 δ’.
1023 4306 1077 4363 Per
1126 4301 1163 4357 sit
1178 4315 1273 4372 azyma
1285 4297 1452 4361 offerendum
1467 4299 1563 4370 probat
1585 4296 1709 4366 Latinus,
1733 4298 1798 4370 quia
1818 4296 1912 4353 Domi-

285 4403 340 4457 hoc
348 4417 416 4473 ergo
428 4401 501 4472 quod
509 4400 655 4472 aqua-rino
673 4399 814 4468 miscetur,
830 4397 990 4470 intelligitur
1002 4396 1077 4469 quod
1128 4406 1181 4448 uus
1193 4393 1281 4462 legem
1294 4390 1447 4462 adimplens
1464 4407 1560 4464 azyma
1570 4391 1718 4458 benedixit,
1731 4389 1812 4463 tregit
1824 4402 1852 4448 et
1862 4390 1912 4448 de·
2007 4445 2013 4455 ,

283 4494 407 4568 populas
419 4493 553 4565 sanguine
576 4492 679 4549 Christi
700 4491 856 4558 redimitur,
880 4491 923 4547 rel
942 4490 1005 4561 quia
1030 4505 1076 4547 re·
1127 4485 1168 4542 dit
1180 4484 1324 4555 discipulis
1334 4484 1428 4542 dicens
1440 4502 1448 4539 :
1462 4502 1472 4536 e
1486 4482 1543 4546 lior
1554 4483 1635 4539 iacite
1648 4485 1675 4539 in
1691 4499 1780 4541 meam
1795 4499 1913 4540 comme·

283 4587 416 4655 demptas
429 4587 615 4656 astsanguine
628 4585 765 4655 passionis
787 4592 815 4640 et
830 4599 901 4655 aqua
924 4583 1076 4655 baptisma·
1130 4579 1310 4638 morationem
1324 4578 1384 4632 ¹¹.)
1403 4576 1560 4635 &cundum
1582 4592 1646 4632 rcro
1661 4577 1748 4648 legem
1774 4592 1831 4633 non
1852 4586 1913 4633 erat

284 4683 330 4736 tis.
346 4676 445 4735 Utrum
466 4679 581 4735 alterum
611 4678 671 4735 sine
684 4678 771 4733 altero
791 4676 1077 4745 transsubstantietur,
1092 4649 1116 4705 D
1130 4668 1294 4740 fermentum
1314 4667 1492 4736 offerendum.
1511 4667 1588 4738 iuxta
1602 4666 1687 4722 iliud:
1709 4687 1718 4719 r
1739 4665 1798 4721 Nou
1815 4667 1914 4722 immo·-

282 4783 311 4828 et
325 4773 356 4827 io
368 4773 437 4843 quid
461 4788 532 4842 aqua
559 4771 835 4827 transsubstantietur
851 4771 864 4825 ‘l
881 4768 910 4826 Si
934 4770 1076 4835 transsub-
1130 4763 1202 4819 labis
1217 4779 1299 4833 super
1310 4763 1444 4817 lermcnto
1455 4774 1553 4830 panem
1565 4758 1660 4814 hostire
1673 4774 1740 4814 meae
1752 4759 1786 4825 ⁸³,
1799 4779 1809 4812 t
1822 4769 1850 4815 et
1863 4758 1914 4814 ali·

282 4865 684 4936 stantiautur,quomodocstt
696 4863 749 4920 Sed
770 4863 987 4934 exploratoribus
999 4864 1075 4925 theo·
1131 4855 1158 4910 bi
1172 4873 1203 4909 :r
1221 4854 1329 4928 Septem
1344 4853 1441 4910 diebus
1466 4865 1560 4923 azyma
1585 4850 1732 4908 comedetis
1754 4851 1811 4908 ⁸³.»
1837 4849 1915 4908 Unde

284 4959 369 5030 logis,
396 4973 469 5028 quos
491 4957 569 5013 tabor
593 4957 711 5029 exagitat
732 4955 897 5028 inquirendi,
910 4955 943 5012 ad
957 4970 1077 5027 presens
1130 4948 1232 5007 Paulus
1249 4967 1280 5003 :r
1300 4946 1447 5021 Epulemur
1460 4958 1517 5000 non
1531 4944 1558 4999 in
1571 4945 1706 5002 fermento
1728 4946 1850 5011 malitias,
1867 4945 1914 5002 scd

272 5039 490 5121 ire-linquamus,
500 5066 563 5106 cum
577 5051 648 5106 etde
662 5050 705 5106 bis
715 5050 797 5105 etiam
813 5050 877 5105 alibi
888 5063 970 5120 super
983 5048 1078 5104 decre·
1132 5043 1160 5104 in
1175 5042 1279 5114 azymis
1299 5040 1464 5096 sinceritatis
1477 5051 1504 5095 et
1515 5040 1680 5107 veritatis¹⁵‚
1693 5059 1702 5092 t
1717 5048 1747 5094 ut
1756 5038 1826 5095 iuter
1838 5036 1917 5093 Chri-

286 5146 333 5210 tis,
348 5154 378 5200 et
404 5145 434 5200 in
457 5144 599 5215 theologiae
625 5142 859 5213 disputationibus
877 5141 999 5206 studiose
1022 5149 1078 5202 tra·
1131 5144 1215 5200 stum,
1231 5134 1277 5205 qui
1297 5133 1331 5188 de
1348 5148 1444 5188 massa·
1462 5133 1614 5204 peccatrice
1631 5147 1743 5189 carnem
1766 5131 1916 5200 assumpsit

287 5237 468 5294 eraserimus.
486 5236 596 5292 Scimrm
619 5245 709 5299 tamen
724 5235 797 5305 quod
817 5250 868 5289 nec
889 5233 1078 5306 populussiue
1130 5229 1190 5284 sinc
1201 5237 1322 5298 peccato,
1339 5226 1413 5281 velut
1440 5241 1566 5298 azymum
1587 5224 1621 5280 de
1635 5223 1778 5284 fermento.
1794 5228 1821 5277 et
1844 5221 1916 5274 inter

287 5330 427 5401 sanguine
440 5328 572 5392 salvatur,
590 5344 649 5395 nes,
666 5327 719 5383 nisi
734 5326 826 5399 populi
838 5341 934 5392 causa,
956 5326 1008 5382 buc
1020 5342 1078 5397 my·
1131 5321 1318 5377 Christianum
1343 5318 1487 5390 populum,
1503 5319 1551 5390 qui
1566 5333 1615 5388 per
1641 5331 1740 5388 aquam
1770 5314 1914 5384 liguratur,

287 5423 405 5480 sterium
415 5422 513 5494 agitur.
1132 5415 1200 5470 nihil
1213 5414 1248 5469 sit
1259 5412 1370 5469 malitiae
1390 5413 1430 5468 rel
1453 5410 1649 5482 corruptionis,
1673 5407 1744 5463 sicut
1759 5406 1785 5460 in
1805 5416 1914 5475 azymo,

324 5514 412 5572 Panis
426 5515 478 5572 iste
491 5513 698 5571 sacramentalis
713 5514 740 5567 in
756 5527 878 5577 caruem,
896 5521 923 5568 ct
934 5512 1025 5566 riuum
1049 5511 1076 5566 in
1131 5508 1201 5562 inter
1216 5505 1383 5562 irumeutum
1399 5517 1426 5561 ct
1439 5520 1537 5575 aquam
1561 5501 1628 5556 nihil
1649 5506 1691 5554 cst
1714 5497 1810 5552 alienae
1822 5493 1925 5550 conlo·

325 5711 447 5768 ”loom
469 5713 497 5767 6.
551 5709 665 5766 ⁸⁶Psat.
692 5711 735 5765 ii.
788 5713 808 5744 ³¹
830 5709 1086 5782 Epires,ctCol.l.
1140 5708 1162 5738 ³⁸
1184 5708 1322 5762 innuli.
1375 5704 1576 5767 '’tharthto,
1602 5701 1729 5757 atram.
1767 5698 1916 5755 δ’(1υ1.5.

287 5785 308 5816 “
331 5783 353 5836 ΙΙ
372 5782 485 5840 Confi.
536 5781 653 5836 ‘'Joarr.
675 5784 715 5838 15.
764 5781 943 5838 ‘'irrotul‘l.
993 5781 1096 5834 “tom
1136 5778 1315 5848 “Apocli
1354 5774 1536 5828 ‘curuata
1577 5772 1748 5828 ”tramiti
1786 5768 1916 5825 “boeth

284 5855 343 5980 a
366 5855 482 5982 ἔθνη.
507 5854 533 5906 il.
573 5852 756 5908 triennit.
796 5857 815 5885 '¹
838 5854 847 5907 l
873 5853 982 5908 Cora.
1021 5850 1159 5908 ³²linttlr.
1182 5849 1225 5905 26.
1274 5846 1455 5903 ”Etudxib
1496 5843 1684 5909 ”Exomlffi
1709 5842 1836 5901 Dcutdb.
1872 5838 1918 5894 ”i
