<?xml version="1.0" encoding="UTF-8"?>
<!DOCTYPE html PUBLIC "-//W3C//DTD XHTML 1.0 Transitional//EN"
    "http://www.w3.org/TR/xhtml1/DTD/xhtml1-transitional.dtd">
<html xmlns="http://www.w3.org/1999/xhtml" xml:lang="en" lang="en">
 <head>
  <title>
</title>
<meta http-equiv="Content-Type" content="text/html;charset=utf-8" />
  <meta name='ocr-system' content='tesseract 3.04.00' />
  <meta name='ocr-capabilities' content='ocr_page ocr_carea ocr_par ocr_line ocrx_word'/>
</head>
<body>
  <div class='ocr_page' id='page_1' title='image "./patrologiaecurs78unkngoog/patrologiaecurs78unkngoog_0454.png"; bbox 0 0 4350 6709; ppageno 0'>
   <div class='ocr_carea' id='block_1_1' title="bbox 158 3352 248 3545">
    <p class='ocr_par' dir='ltr' id='par_1_1' title="bbox 158 3352 248 3545">
     <span class='ocr_line' id='line_1_1' title="bbox 158 3352 248 3545; baseline 0 -54"><span class='ocrx_word' id='word_1_1' title='bbox 158 3352 248 3545; x_wconf 65' lang='lat'><strong>0.</strong></span> 
     </span>
    </p>
   </div>
   <div class='ocr_carea' id='block_1_2' title="bbox 258 526 310 584">
    <p class='ocr_par' dir='ltr' id='par_1_2' title="bbox 258 526 310 584">
     <span class='ocr_line' id='line_1_2' title="bbox 258 526 310 584; baseline 0.077 -3"><span class='ocrx_word' id='word_1_2' title='bbox 258 526 310 584; x_wconf 77' lang='grc'><strong>899</strong></span> 
     </span>
    </p>
   </div>
   <div class='ocr_carea' id='block_1_3' title="bbox 874 529 1260 588">
    <p class='ocr_par' dir='ltr' id='par_1_3' title="bbox 874 529 1260 588">
     <span class='ocr_line' id='line_1_3' title="bbox 874 529 1260 588; baseline 0.005 -3"><span class='ocrx_word' id='word_1_3' title='bbox 874 529 1027 586; x_wconf 72' lang='lat' dir='ltr'><strong>tabulati</strong></span> <span class='ocrx_word' id='word_1_4' title='bbox 1048 530 1183 588; x_wconf 71' lang='lat' dir='ltr'><strong>SAECL’Ll</strong></span> <span class='ocrx_word' id='word_1_5' title='bbox 1204 531 1260 587; x_wconf 82' lang='lat' dir='ltr'><strong>xit.</strong></span> 
     </span>
    </p>
   </div>
   <div class='ocr_carea' id='block_1_4' title="bbox 1832 533 1883 591">
    <p class='ocr_par' dir='ltr' id='par_1_4' title="bbox 1832 533 1883 591">
     <span class='ocr_line' id='line_1_4' title="bbox 1832 533 1883 591; baseline 0 0"><span class='ocrx_word' id='word_1_6' title='bbox 1832 533 1883 591; x_wconf 70' lang='lat' dir='ltr'><strong>bibli</strong></span> 
     </span>
    </p>
   </div>
   <div class='ocr_carea' id='block_1_5' title="bbox 258 643 1921 734">
    <p class='ocr_par' dir='ltr' id='par_1_5' title="bbox 258 643 1921 734">
     <span class='ocr_line' id='line_1_5' title="bbox 258 643 1921 734; baseline 0.002 -36"><span class='ocrx_word' id='word_1_7' title='bbox 258 652 375 699; x_wconf 89' lang='lat' dir='ltr'><strong>ternam.</strong></span> <span class='ocrx_word' id='word_1_8' title='bbox 399 643 466 697; x_wconf 88' lang='lat' dir='ltr'><strong>illud</strong></span> <span class='ocrx_word' id='word_1_9' title='bbox 491 650 580 697; x_wconf 90' lang='lat' dir='ltr'><strong>autem</strong></span> <span class='ocrx_word' id='word_1_10' title='bbox 608 661 709 710; x_wconf 78' lang='lat' dir='ltr'><strong>ianuam,</strong></span> <span class='ocrx_word' id='word_1_11' title='bbox 735 648 769 702; x_wconf 92' lang='lat' dir='ltr'><strong>ad</strong></span> <span class='ocrx_word' id='word_1_12' title='bbox 793 648 866 719; x_wconf 88' lang='lat' dir='ltr'><strong>quod</strong></span> <span class='ocrx_word' id='word_1_13' title='bbox 887 649 968 703; x_wconf 92' lang='lat' dir='ltr'><strong>bomo</strong></span> <span class='ocrx_word' id='word_1_14' title='bbox 986 647 1044 703; x_wconf 82' lang='lat' dir='ltr'><strong>steri</strong></span> <span class='ocrx_word' id='word_1_15' title='bbox 1060 659 1082 709; x_wconf 70' lang='grc' dir='ltr'><strong>Α</strong></span> <span class='ocrx_word' id='word_1_16' title='bbox 1098 648 1220 704; x_wconf 76' lang='lat' dir='ltr'><strong>videlicet</strong></span> <span class='ocrx_word' id='word_1_17' title='bbox 1236 654 1320 702; x_wconf 83' lang='lat' dir='ltr'><strong>mirtta</strong></span> <span class='ocrx_word' id='word_1_18' title='bbox 1340 647 1471 703; x_wconf 88' lang='lat' dir='ltr'><strong>vocabula</strong></span> <span class='ocrx_word' id='word_1_19' title='bbox 1484 647 1511 703; x_wconf 91' lang='lat' dir='ltr'><strong>in</strong></span> <span class='ocrx_word' id='word_1_20' title='bbox 1533 646 1652 703; x_wconf 90' lang='lat' dir='ltr'><strong>hominis</strong></span> <span class='ocrx_word' id='word_1_21' title='bbox 1673 653 1772 702; x_wconf 87' lang='lat' dir='ltr'><strong>natura</strong></span> <span class='ocrx_word' id='word_1_22' title='bbox 1790 648 1884 702; x_wconf 91' lang='lat' dir='ltr'><strong>molti·</strong></span> <span class='ocrx_word' id='word_1_23' title='bbox 1917 719 1921 734; x_wconf 36' lang='grc' dir='ltr'>Ι</span> 
     </span>
    </p>
   </div>
   <div class='ocr_carea' id='block_1_6' title="bbox 259 733 1046 808">
    <p class='ocr_par' dir='ltr' id='par_1_6' title="bbox 259 733 1046 808">
     <span class='ocr_line' id='line_1_6' title="bbox 259 733 1046 808; baseline 0.004 -16"><span class='ocrx_word' id='word_1_24' title='bbox 259 736 357 802; x_wconf 86' lang='grc' dir='ltr'>(ιειιει,</span> <span class='ocrx_word' id='word_1_25' title='bbox 374 751 444 789; x_wconf 89' lang='lat' dir='ltr'><strong>rrnus</strong></span> <span class='ocrx_word' id='word_1_26' title='bbox 457 733 529 789; x_wconf 82' lang='lat' dir='ltr'><strong>Deus</strong></span> <span class='ocrx_word' id='word_1_27' title='bbox 543 745 595 792; x_wconf 91' lang='lat' dir='ltr'><strong>est.</strong></span> <span class='ocrx_word' id='word_1_28' title='bbox 613 736 685 794; x_wconf 80' lang='lat' dir='ltr'><strong>lleus</strong></span> <span class='ocrx_word' id='word_1_29' title='bbox 701 748 791 794; x_wconf 86' lang='lat' dir='ltr'><strong>autem</strong></span> <span class='ocrx_word' id='word_1_30' title='bbox 809 756 891 796; x_wconf 85' lang='lat' dir='ltr'><strong>unrrm</strong></span> <span class='ocrx_word' id='word_1_31' title='bbox 906 749 957 797; x_wconf 88' lang='grc' dir='ltr'>εει.</span> <span class='ocrx_word' id='word_1_32' title='bbox 977 740 1046 808; x_wconf 85' lang='lat' dir='ltr'><strong>Quia</strong></span> 
     </span>
    </p>
   </div>
   <div class='ocr_carea' id='block_1_7' title="bbox 1097 737 1920 809">
    <p class='ocr_par' dir='ltr' id='par_1_7' title="bbox 1097 737 1920 809">
     <span class='ocr_line' id='line_1_7' title="bbox 1097 737 1920 809; baseline 0.006 -19"><span class='ocrx_word' id='word_1_33' title='bbox 1097 739 1245 806; x_wconf 89' lang='lat' dir='ltr'><strong>plicitatem</strong></span> <span class='ocrx_word' id='word_1_34' title='bbox 1259 745 1289 792; x_wconf 94' lang='lat' dir='ltr'><strong>et</strong></span> <span class='ocrx_word' id='word_1_35' title='bbox 1309 738 1515 793; x_wconf 76' lang='lat' dir='ltr'><strong>mutabilitatem</strong></span> <span class='ocrx_word' id='word_1_36' title='bbox 1531 737 1684 808; x_wconf 79' lang='lat' dir='ltr'><strong>significant</strong></span> <span class='ocrx_word' id='word_1_37' title='bbox 1699 757 1706 792; x_wconf 90' lang='lat'>:</span> <span class='ocrx_word' id='word_1_38' title='bbox 1721 738 1758 792; x_wconf 85' lang='lat' dir='ltr'><strong>ita</strong></span> <span class='ocrx_word' id='word_1_39' title='bbox 1775 753 1885 809; x_wconf 87' lang='lat' dir='ltr'><strong>quoque</strong></span> <span class='ocrx_word' id='word_1_40' title='bbox 1918 743 1920 747; x_wconf 77' lang='grc'>’</span> 
     </span>
    </p>
   </div>
   <div class='ocr_carea' id='block_1_8' title="bbox 259 825 1886 902">
    <p class='ocr_par' dir='ltr' id='par_1_8' title="bbox 259 825 1886 902">
     <span class='ocr_line' id='line_1_8' title="bbox 259 825 1886 902; baseline 0.002 -21"><span class='ocrx_word' id='word_1_41' title='bbox 259 827 319 896; x_wconf 86' lang='lat' dir='ltr'><strong>ejus</strong></span> <span class='ocrx_word' id='word_1_42' title='bbox 334 825 453 879; x_wconf 82' lang='lat' dir='ltr'><strong>essentia</strong></span> <span class='ocrx_word' id='word_1_43' title='bbox 469 826 583 895; x_wconf 78' lang='lat' dir='ltr'><strong>simplex</strong></span> <span class='ocrx_word' id='word_1_44' title='bbox 598 835 649 882; x_wconf 87' lang='lat' dir='ltr'><strong>est.</strong></span> <span class='ocrx_word' id='word_1_45' title='bbox 665 825 784 900; x_wconf 81' lang='lat' dir='ltr'><strong>Simplex</strong></span> <span class='ocrx_word' id='word_1_46' title='bbox 796 841 847 897; x_wconf 88' lang='grc' dir='ltr'>εει,</span> <span class='ocrx_word' id='word_1_47' title='bbox 862 831 925 902; x_wconf 86' lang='lat' dir='ltr'><strong>quia</strong></span> <span class='ocrx_word' id='word_1_48' title='bbox 939 848 993 887; x_wconf 89' lang='lat' dir='ltr'><strong>non</strong></span> <span class='ocrx_word' id='word_1_49' title='bbox 1004 841 1047 887; x_wconf 90' lang='grc' dir='ltr'><strong>εει</strong></span> <span class='ocrx_word' id='word_1_50' title='bbox 1097 830 1182 883; x_wconf 82' lang='grc' dir='ltr'>ιιιιιιιε</span> <span class='ocrx_word' id='word_1_51' title='bbox 1198 829 1328 883; x_wconf 75' lang='lat' dir='ltr'><strong>vocabula</strong></span> <span class='ocrx_word' id='word_1_52' title='bbox 1348 829 1455 885; x_wconf 80' lang='lat' dir='ltr'><strong>diversa</strong></span> <span class='ocrx_word' id='word_1_53' title='bbox 1471 830 1504 885; x_wconf 87' lang='lat' dir='ltr'><strong>de</strong></span> <span class='ocrx_word' id='word_1_54' title='bbox 1518 827 1583 892; x_wconf 82' lang='lat' dir='ltr'><strong>Deo,</strong></span> <span class='ocrx_word' id='word_1_55' title='bbox 1604 830 1651 899; x_wconf 90' lang='lat' dir='ltr'><strong>qui</strong></span> <span class='ocrx_word' id='word_1_56' title='bbox 1669 839 1720 893; x_wconf 85' lang='lat' dir='ltr'><strong>nec</strong></span> <span class='ocrx_word' id='word_1_57' title='bbox 1743 842 1800 883; x_wconf 91' lang='lat' dir='ltr'><strong>non</strong></span> <span class='ocrx_word' id='word_1_58' title='bbox 1819 829 1886 886; x_wconf 86' lang='lat' dir='ltr'><strong>&#39;sim-</strong></span> 
     </span>
    </p>
   </div>
   <div class='ocr_carea' id='block_1_9' title="bbox 259 914 1046 990">
    <p class='ocr_par' dir='ltr' id='par_1_9' title="bbox 259 914 1046 990">
     <span class='ocr_line' id='line_1_9' title="bbox 259 914 1046 990; baseline 0.006 -19"><span class='ocrx_word' id='word_1_59' title='bbox 259 915 297 971; x_wconf 92' lang='lat' dir='ltr'><strong>ibi</strong></span> <span class='ocrx_word' id='word_1_60' title='bbox 325 914 398 968; x_wconf 91' lang='lat' dir='ltr'><strong>allud</strong></span> <span class='ocrx_word' id='word_1_61' title='bbox 425 921 452 969; x_wconf 91' lang='lat' dir='ltr'><strong>et</strong></span> <span class='ocrx_word' id='word_1_62' title='bbox 479 915 573 979; x_wconf 90' lang='lat' dir='ltr'><strong>aliud,</strong></span> <span class='ocrx_word' id='word_1_63' title='bbox 599 918 671 972; x_wconf 87' lang='lat' dir='ltr'><strong>unde</strong></span> <span class='ocrx_word' id='word_1_64' title='bbox 696 921 848 990; x_wconf 88' lang='lat' dir='ltr'><strong>composita</strong></span> <span class='ocrx_word' id='word_1_65' title='bbox 871 928 977 977; x_wconf 87' lang='lat' dir='ltr'><strong>constet</strong></span> <span class='ocrx_word' id='word_1_66' title='bbox 1001 921 1046 976; x_wconf 91' lang='lat' dir='ltr'><strong>illa</strong></span> 
     </span>
    </p>
   </div>
   <div class='ocr_carea' id='block_1_10' title="bbox 259 1003 1047 1076">
    <p class='ocr_par' dir='ltr' id='par_1_10' title="bbox 259 1003 1047 1076">
     <span class='ocr_line' id='line_1_10' title="bbox 259 1003 1047 1076; baseline 0.008 -17"><span class='ocrx_word' id='word_1_67' title='bbox 259 1005 390 1059; x_wconf 80' lang='lat' dir='ltr'><strong>essentia.</strong></span> <span class='ocrx_word' id='word_1_68' title='bbox 406 1003 450 1058; x_wconf 86' lang='lat' dir='ltr'><strong>Nil</strong></span> <span class='ocrx_word' id='word_1_69' title='bbox 462 1007 565 1060; x_wconf 90' lang='lat' dir='ltr'><strong>accedit</strong></span> <span class='ocrx_word' id='word_1_70' title='bbox 580 1007 604 1061; x_wconf 90' lang='lat' dir='ltr'><strong>ei</strong></span> <span class='ocrx_word' id='word_1_71' title='bbox 615 1010 796 1076; x_wconf 81' lang='lat' dir='ltr'><strong>extrinsecus,</strong></span> <span class='ocrx_word' id='word_1_72' title='bbox 811 1006 943 1067; x_wconf 79' lang='lat' dir='ltr'><strong>&#39;nithabet</strong></span> <span class='ocrx_word' id='word_1_73' title='bbox 957 1013 1047 1067; x_wconf 85' lang='lat' dir='ltr'><strong>diver-</strong></span> 
     </span>
    </p>
   </div>
   <div class='ocr_carea' id='block_1_11' title="bbox 257 1097 1046 1724">
    <p class='ocr_par' dir='ltr' id='par_1_11' title="bbox 257 1097 1046 1724">
     <span class='ocr_line' id='line_1_11' title="bbox 259 1097 1046 1174; baseline 0.006 -22"><span class='ocrx_word' id='word_1_74' title='bbox 259 1111 320 1152; x_wconf 88' lang='lat' dir='ltr'><strong>sum</strong></span> <span class='ocrx_word' id='word_1_75' title='bbox 340 1097 516 1152; x_wconf 87' lang='lat' dir='ltr'><strong>intrinsecus.</strong></span> <span class='ocrx_word' id='word_1_76' title='bbox 536 1097 674 1170; x_wconf 81' lang='lat' dir='ltr'><strong>Quidquid</strong></span> <span class='ocrx_word' id='word_1_77' title='bbox 698 1101 847 1171; x_wconf 77' lang='lat' dir='ltr'><strong>igiturest,</strong></span> <span class='ocrx_word' id='word_1_78' title='bbox 864 1103 1046 1174; x_wconf 80' lang='lat' dir='ltr'><strong>essentialiter</strong></span> 
     </span>
     <span class='ocr_line' id='line_1_12' title="bbox 258 1189 1045 1265; baseline 0.008 -21"><span class='ocrx_word' id='word_1_79' title='bbox 258 1204 343 1244; x_wconf 92' lang='lat' dir='ltr'><strong>unum</strong></span> <span class='ocrx_word' id='word_1_80' title='bbox 368 1195 425 1254; x_wconf 91' lang='lat' dir='ltr'><strong>est,</strong></span> <span class='ocrx_word' id='word_1_81' title='bbox 449 1189 493 1244; x_wconf 93' lang='lat' dir='ltr'><strong>cui</strong></span> <span class='ocrx_word' id='word_1_82' title='bbox 514 1196 599 1243; x_wconf 91' lang='lat' dir='ltr'><strong>totum</strong></span> <span class='ocrx_word' id='word_1_83' title='bbox 615 1198 657 1246; x_wconf 93' lang='lat' dir='ltr'><strong>est</strong></span> <span class='ocrx_word' id='word_1_84' title='bbox 680 1207 765 1246; x_wconf 92' lang='lat' dir='ltr'><strong>unum</strong></span> <span class='ocrx_word' id='word_1_85' title='bbox 791 1209 871 1259; x_wconf 88' lang='lat' dir='ltr'><strong>csse,</strong></span> <span class='ocrx_word' id='word_1_86' title='bbox 887 1201 914 1248; x_wconf 90' lang='lat' dir='ltr'><strong>et</strong></span> <span class='ocrx_word' id='word_1_87' title='bbox 931 1195 1045 1265; x_wconf 81' lang='lat' dir='ltr'><strong>simplex</strong></span> 
     </span>
     <span class='ocr_line' id='line_1_13' title="bbox 259 1278 1044 1356; baseline 0.006 -23"><span class='ocrx_word' id='word_1_88' title='bbox 259 1293 339 1345; x_wconf 87' lang='lat' dir='ltr'><strong>esse,</strong></span> <span class='ocrx_word' id='word_1_89' title='bbox 357 1278 429 1349; x_wconf 90' lang='lat' dir='ltr'><strong>quod</strong></span> <span class='ocrx_word' id='word_1_90' title='bbox 443 1290 495 1335; x_wconf 92' lang='lat' dir='ltr'><strong>est.</strong></span> <span class='ocrx_word' id='word_1_91' title='bbox 519 1278 582 1336; x_wconf 90' lang='lat' dir='ltr'><strong>ldeo</strong></span> <span class='ocrx_word' id='word_1_92' title='bbox 597 1297 692 1336; x_wconf 84' lang='lat' dir='ltr'><strong>uerum</strong></span> <span class='ocrx_word' id='word_1_93' title='bbox 706 1289 748 1337; x_wconf 88' lang='grc' dir='ltr'><strong>εει</strong></span> <span class='ocrx_word' id='word_1_94' title='bbox 762 1284 787 1338; x_wconf 92' lang='lat' dir='ltr'><strong>ei</strong></span> <span class='ocrx_word' id='word_1_95' title='bbox 804 1299 881 1349; x_wconf 88' lang='lat' dir='ltr'><strong>esse,</strong></span> <span class='ocrx_word' id='word_1_96' title='bbox 897 1285 970 1356; x_wconf 94' lang='lat' dir='ltr'><strong>quod</strong></span> <span class='ocrx_word' id='word_1_97' title='bbox 987 1293 1044 1351; x_wconf 89' lang='lat' dir='ltr'><strong>est,</strong></span> 
     </span>
     <span class='ocr_line' id='line_1_14' title="bbox 258 1372 977 1446; baseline 0.011 -22"><span class='ocrx_word' id='word_1_98' title='bbox 258 1372 322 1442; x_wconf 91' lang='lat' dir='ltr'><strong>quia</strong></span> <span class='ocrx_word' id='word_1_99' title='bbox 337 1378 423 1426; x_wconf 90' lang='lat' dir='ltr'><strong>totum</strong></span> <span class='ocrx_word' id='word_1_100' title='bbox 438 1388 521 1427; x_wconf 90' lang='lat' dir='ltr'><strong>unum</strong></span> <span class='ocrx_word' id='word_1_101' title='bbox 536 1383 563 1428; x_wconf 91' lang='lat' dir='ltr'><strong>et</strong></span> <span class='ocrx_word' id='word_1_102' title='bbox 577 1375 693 1444; x_wconf 77' lang='lat' dir='ltr'><strong>simplex</strong></span> <span class='ocrx_word' id='word_1_103' title='bbox 704 1383 746 1430; x_wconf 88' lang='lat' dir='ltr'><strong>est</strong></span> <span class='ocrx_word' id='word_1_104' title='bbox 761 1391 832 1440; x_wconf 90' lang='lat' dir='ltr'><strong>esse,</strong></span> <span class='ocrx_word' id='word_1_105' title='bbox 845 1377 917 1446; x_wconf 91' lang='lat' dir='ltr'><strong>quod</strong></span> <span class='ocrx_word' id='word_1_106' title='bbox 927 1387 977 1433; x_wconf 89' lang='lat' dir='ltr'><strong>est.</strong></span> 
     </span>
     <span class='ocr_line' id='line_1_15' title="bbox 294 1462 1045 1537; baseline 0.009 -19"><span class='ocrx_word' id='word_1_107' title='bbox 294 1462 365 1519; x_wconf 89' lang='lat' dir='ltr'><strong>Sunt</strong></span> <span class='ocrx_word' id='word_1_108' title='bbox 380 1466 522 1530; x_wconf 83' lang='lat' dir='ltr'><strong>nonnulla,</strong></span> <span class='ocrx_word' id='word_1_109' title='bbox 540 1482 600 1537; x_wconf 88' lang='lat' dir='ltr'><strong>quae</strong></span> <span class='ocrx_word' id='word_1_110' title='bbox 616 1482 700 1520; x_wconf 88' lang='lat' dir='ltr'><strong>unum</strong></span> <span class='ocrx_word' id='word_1_111' title='bbox 712 1465 851 1530; x_wconf 87' lang='lat' dir='ltr'><strong>dicuntur,</strong></span> <span class='ocrx_word' id='word_1_112' title='bbox 869 1468 917 1523; x_wconf 89' lang='lat' dir='ltr'><strong>sed</strong></span> <span class='ocrx_word' id='word_1_113' title='bbox 931 1469 1045 1525; x_wconf 83' lang='lat' dir='ltr'><strong>diuersis</strong></span> 
     </span>
     <span class='ocr_line' id='line_1_16' title="bbox 257 1555 1044 1630; baseline 0.006 -19"><span class='ocrx_word' id='word_1_114' title='bbox 257 1555 357 1612; x_wconf 90' lang='lat' dir='ltr'><strong>modis.</strong></span> <span class='ocrx_word' id='word_1_115' title='bbox 377 1555 429 1613; x_wconf 74' lang='lat' dir='ltr'><strong>Est</strong></span> <span class='ocrx_word' id='word_1_116' title='bbox 444 1574 540 1621; x_wconf 91' lang='lat' dir='ltr'><strong>unum,</strong></span> <span class='ocrx_word' id='word_1_117' title='bbox 560 1559 632 1630; x_wconf 91' lang='lat' dir='ltr'><strong>quod</strong></span> <span class='ocrx_word' id='word_1_118' title='bbox 653 1559 815 1617; x_wconf 87' lang='lat' dir='ltr'><strong>collectione</strong></span> <span class='ocrx_word' id='word_1_119' title='bbox 827 1561 927 1616; x_wconf 89' lang='lat' dir='ltr'><strong>dieitur</strong></span> <span class='ocrx_word' id='word_1_120' title='bbox 949 1577 1044 1627; x_wconf 89' lang='lat' dir='ltr'><strong>unum,</strong></span> 
     </span>
     <span class='ocr_line' id='line_1_17' title="bbox 257 1650 1045 1724; baseline 0.005 -21"><span class='ocrx_word' id='word_1_121' title='bbox 257 1650 485 1721; x_wconf 82' lang='lat' dir='ltr'><strong>quemadmodum</strong></span> <span class='ocrx_word' id='word_1_122' title='bbox 500 1666 607 1722; x_wconf 76' lang='lat' dir='ltr'><strong>gregem</strong></span> <span class='ocrx_word' id='word_1_123' title='bbox 625 1667 707 1705; x_wconf 83' lang='lat' dir='ltr'><strong>unuin</strong></span> <span class='ocrx_word' id='word_1_124' title='bbox 725 1651 852 1718; x_wconf 84' lang='lat' dir='ltr'><strong>dicimus,</strong></span> <span class='ocrx_word' id='word_1_125' title='bbox 870 1654 966 1724; x_wconf 91' lang='lat' dir='ltr'><strong>inquo</strong></span> <span class='ocrx_word' id='word_1_126' title='bbox 982 1660 1045 1709; x_wconf 91' lang='lat' dir='ltr'><strong>sunt</strong></span> 
     </span>
    </p>
   </div>
   <div class='ocr_carea' id='block_1_12' title="bbox 258 1742 1046 1816">
    <p class='ocr_par' dir='ltr' id='par_1_12' title="bbox 258 1742 1046 1816">
     <span class='ocr_line' id='line_1_18' title="bbox 258 1742 1046 1816; baseline 0.006 -19"><span class='ocrx_word' id='word_1_127' title='bbox 258 1745 345 1798; x_wconf 89' lang='lat' dir='ltr'><strong>multa</strong></span> <span class='ocrx_word' id='word_1_128' title='bbox 360 1743 499 1799; x_wconf 89' lang='lat' dir='ltr'><strong>animalia.</strong></span> <span class='ocrx_word' id='word_1_129' title='bbox 522 1742 570 1800; x_wconf 87' lang='lat' dir='ltr'><strong>Est</strong></span> <span class='ocrx_word' id='word_1_130' title='bbox 586 1761 682 1809; x_wconf 90' lang='lat' dir='ltr'><strong>unurn,</strong></span> <span class='ocrx_word' id='word_1_131' title='bbox 702 1746 774 1816; x_wconf 90' lang='lat' dir='ltr'><strong>quod</strong></span> <span class='ocrx_word' id='word_1_132' title='bbox 790 1747 987 1816; x_wconf 86' lang='lat' dir='ltr'><strong>compositione</strong></span> <span class='ocrx_word' id='word_1_133' title='bbox 1003 1747 1046 1802; x_wconf 92' lang='lat' dir='ltr'><strong>di·</strong></span> 
     </span>
    </p>
   </div>
   <div class='ocr_carea' id='block_1_13' title="bbox 258 1826 1043 1906">
    <p class='ocr_par' dir='ltr' id='par_1_13' title="bbox 258 1826 1043 1906">
     <span class='ocr_line' id='line_1_19' title="bbox 258 1826 1043 1906; baseline 0.009 -18"><span class='ocrx_word' id='word_1_134' title='bbox 258 1826 331 1888; x_wconf 83' lang='lat' dir='ltr'><strong>citur</strong></span> <span class='ocrx_word' id='word_1_135' title='bbox 344 1844 440 1898; x_wconf 86' lang='lat' dir='ltr'><strong>unum,</strong></span> <span class='ocrx_word' id='word_1_136' title='bbox 456 1843 485 1888; x_wconf 96' lang='lat' dir='ltr'><strong>ut</strong></span> <span class='ocrx_word' id='word_1_137' title='bbox 497 1850 607 1905; x_wconf 91' lang='lat' dir='ltr'><strong>corpus,</strong></span> <span class='ocrx_word' id='word_1_138' title='bbox 621 1836 648 1890; x_wconf 90' lang='lat' dir='ltr'><strong>in</strong></span> <span class='ocrx_word' id='word_1_139' title='bbox 661 1853 716 1906; x_wconf 90' lang='lat' dir='ltr'><strong>quo</strong></span> <span class='ocrx_word' id='word_1_140' title='bbox 732 1838 818 1892; x_wconf 91' lang='lat' dir='ltr'><strong>multa</strong></span> <span class='ocrx_word' id='word_1_141' title='bbox 833 1840 954 1895; x_wconf 89' lang='lat' dir='ltr'><strong>membra</strong></span> <span class='ocrx_word' id='word_1_142' title='bbox 969 1846 1043 1895; x_wconf 85' lang='lat' dir='ltr'><strong>sunt.</strong></span> 
     </span>
    </p>
   </div>
   <div class='ocr_carea' id='block_1_14' title="bbox 1084 919 1887 1913">
    <p class='ocr_par' dir='ltr' id='par_1_14' title="bbox 1084 919 1887 1913">
     <span class='ocr_line' id='line_1_20' title="bbox 1096 919 1885 993; baseline -0.001 -18"><span class='ocrx_word' id='word_1_143' title='bbox 1096 923 1169 993; x_wconf 82' lang='lat' dir='ltr'><strong>pler,</strong></span> <span class='ocrx_word' id='word_1_144' title='bbox 1193 937 1243 976; x_wconf 90' lang='lat' dir='ltr'><strong>nec</strong></span> <span class='ocrx_word' id='word_1_145' title='bbox 1272 922 1410 977; x_wconf 88' lang='lat' dir='ltr'><strong>mutabilis</strong></span> <span class='ocrx_word' id='word_1_146' title='bbox 1431 930 1487 985; x_wconf 90' lang='lat' dir='ltr'><strong>est,</strong></span> <span class='ocrx_word' id='word_1_147' title='bbox 1509 921 1654 976; x_wconf 79' lang='lat' dir='ltr'><strong>dicantur?</strong></span> <span class='ocrx_word' id='word_1_148' title='bbox 1671 919 1727 976; x_wconf 87' lang='lat' dir='ltr'><strong>lloc</strong></span> <span class='ocrx_word' id='word_1_149' title='bbox 1753 920 1818 977; x_wconf 86' lang='lat' dir='ltr'><strong>inde</strong></span> <span class='ocrx_word' id='word_1_150' title='bbox 1844 927 1885 977; x_wconf 87' lang='lat' dir='ltr'><strong>est</strong></span> 
     </span>
     <span class='ocr_line' id='line_1_21' title="bbox 1096 1010 1886 1084; baseline 0.004 -18"><span class='ocrx_word' id='word_1_151' title='bbox 1096 1013 1168 1083; x_wconf 94' lang='lat' dir='ltr'><strong>quod</strong></span> <span class='ocrx_word' id='word_1_152' title='bbox 1200 1014 1278 1068; x_wconf 92' lang='lat' dir='ltr'><strong>aliter</strong></span> <span class='ocrx_word' id='word_1_153' title='bbox 1302 1012 1401 1068; x_wconf 83' lang='lat' dir='ltr'><strong>babent</strong></span> <span class='ocrx_word' id='word_1_154' title='bbox 1427 1013 1602 1084; x_wconf 74' lang='lat' dir='ltr'><strong>significare,</strong></span> <span class='ocrx_word' id='word_1_155' title='bbox 1629 1027 1690 1083; x_wconf 88' lang='lat' dir='ltr'><strong>quae</strong></span> <span class='ocrx_word' id='word_1_156' title='bbox 1715 1011 1750 1067; x_wconf 90' lang='lat' dir='ltr'><strong>de</strong></span> <span class='ocrx_word' id='word_1_157' title='bbox 1773 1010 1886 1069; x_wconf 83' lang='lat' dir='ltr'><strong>bomine</strong></span> 
     </span>
     <span class='ocr_line' id='line_1_22' title="bbox 1096 1099 1886 1174; baseline -0.003 -14"><span class='ocrx_word' id='word_1_158' title='bbox 1096 1105 1234 1169; x_wconf 89' lang='lat' dir='ltr'><strong>dicuntur,</strong></span> <span class='ocrx_word' id='word_1_159' title='bbox 1256 1103 1335 1159; x_wconf 89' lang='lat' dir='ltr'><strong>aliter</strong></span> <span class='ocrx_word' id='word_1_160' title='bbox 1354 1119 1397 1169; x_wconf 85' lang='lat' dir='ltr'><strong>ea,</strong></span> <span class='ocrx_word' id='word_1_161' title='bbox 1413 1118 1474 1174; x_wconf 87' lang='lat' dir='ltr'><strong>quac</strong></span> <span class='ocrx_word' id='word_1_162' title='bbox 1488 1102 1521 1159; x_wconf 84' lang='lat' dir='ltr'><strong>de</strong></span> <span class='ocrx_word' id='word_1_163' title='bbox 1540 1103 1596 1158; x_wconf 85' lang='lat' dir='ltr'><strong>Deo</strong></span> <span class='ocrx_word' id='word_1_164' title='bbox 1612 1103 1752 1158; x_wconf 93' lang='lat' dir='ltr'><strong>dicuntur.</strong></span> <span class='ocrx_word' id='word_1_165' title='bbox 1768 1099 1837 1168; x_wconf 77' lang='lat' dir='ltr'><strong>Quae</strong></span> <span class='ocrx_word' id='word_1_166' title='bbox 1852 1101 1886 1158; x_wconf 89' lang='lat' dir='ltr'><strong>de</strong></span> 
     </span>
     <span class='ocr_line' id='line_1_23' title="bbox 1096 1198 1885 1270; baseline 0.003 -18"><span class='ocrx_word' id='word_1_167' title='bbox 1096 1198 1206 1254; x_wconf 92' lang='lat' dir='ltr'><strong>bomine</strong></span> <span class='ocrx_word' id='word_1_168' title='bbox 1226 1199 1363 1264; x_wconf 87' lang='lat' dir='ltr'><strong>dicuntur,</strong></span> <span class='ocrx_word' id='word_1_169' title='bbox 1383 1199 1457 1269; x_wconf 87' lang='lat' dir='ltr'><strong>quod</strong></span> <span class='ocrx_word' id='word_1_170' title='bbox 1481 1200 1508 1253; x_wconf 92' lang='lat' dir='ltr'><strong>in</strong></span> <span class='ocrx_word' id='word_1_171' title='bbox 1527 1199 1637 1254; x_wconf 86' lang='lat' dir='ltr'><strong>bomine</strong></span> <span class='ocrx_word' id='word_1_172' title='bbox 1654 1199 1719 1262; x_wconf 88' lang='lat' dir='ltr'><strong>sint,</strong></span> <span class='ocrx_word' id='word_1_173' title='bbox 1736 1214 1793 1255; x_wconf 88' lang='lat' dir='ltr'><strong>nort</strong></span> <span class='ocrx_word' id='word_1_174' title='bbox 1810 1198 1885 1270; x_wconf 90' lang='lat' dir='ltr'><strong>quod</strong></span> 
     </span>
     <span class='ocr_line' id='line_1_24' title="bbox 1096 1288 1886 1358; baseline 0.004 -15"><span class='ocrx_word' id='word_1_175' title='bbox 1096 1289 1178 1344; x_wconf 91' lang='lat' dir='ltr'><strong>bomo</strong></span> <span class='ocrx_word' id='word_1_176' title='bbox 1201 1291 1266 1353; x_wconf 90' lang='lat' dir='ltr'><strong>sint,</strong></span> <span class='ocrx_word' id='word_1_177' title='bbox 1283 1288 1422 1355; x_wconf 90' lang='lat' dir='ltr'><strong>dicuntur,</strong></span> <span class='ocrx_word' id='word_1_178' title='bbox 1440 1297 1470 1344; x_wconf 91' lang='lat' dir='ltr'><strong>ut</strong></span> <span class='ocrx_word' id='word_1_179' title='bbox 1491 1298 1533 1345; x_wconf 89' lang='grc' dir='ltr'><strong>εει</strong></span> <span class='ocrx_word' id='word_1_180' title='bbox 1556 1291 1698 1355; x_wconf 82' lang='grc' dir='ltr'>ιιιειιιοιιε,</span> <span class='ocrx_word' id='word_1_181' title='bbox 1716 1291 1886 1358; x_wconf 85' lang='lat' dir='ltr'><strong>intellectus,</strong></span> 
     </span>
     <span class='ocr_line' id='line_1_25' title="bbox 1084 1377 1887 1452; baseline 0.004 -19"><span class='ocrx_word' id='word_1_182' title='bbox 1084 1377 1217 1444; x_wconf 76' lang='lat' dir='ltr'><strong>dilectio,</strong></span> <span class='ocrx_word' id='word_1_183' title='bbox 1233 1379 1367 1452; x_wconf 87' lang='lat' dir='ltr'><strong>sapientia</strong></span> <span class='ocrx_word' id='word_1_184' title='bbox 1380 1387 1407 1436; x_wconf 89' lang='grc' dir='ltr'><strong>ει</strong></span> <span class='ocrx_word' id='word_1_185' title='bbox 1420 1378 1551 1450; x_wconf 87' lang='lat' dir='ltr'><strong>quidquid</strong></span> <span class='ocrx_word' id='word_1_186' title='bbox 1569 1380 1665 1434; x_wconf 92' lang='lat' dir='ltr'><strong>borum</strong></span> <span class='ocrx_word' id='word_1_187' title='bbox 1688 1378 1780 1436; x_wconf 83' lang='lat' dir='ltr'><strong>simile</strong></span> <span class='ocrx_word' id='word_1_188' title='bbox 1799 1380 1887 1436; x_wconf 80' lang='lat' dir='ltr'><strong>eolle-</strong></span> 
     </span>
     <span class='ocr_line' id='line_1_26' title="bbox 1095 1469 1885 1541; baseline 0.003 -19"><span class='ocrx_word' id='word_1_189' title='bbox 1095 1469 1178 1539; x_wconf 71' lang='lat' dir='ltr'><strong>geris.</strong></span> <span class='ocrx_word' id='word_1_190' title='bbox 1189 1469 1259 1538; x_wconf 67' lang='lat' dir='ltr'><strong>&#39;Qua</strong></span> <span class='ocrx_word' id='word_1_191' title='bbox 1271 1484 1336 1526; x_wconf 79' lang='lat' dir='ltr'><strong>vero</strong></span> <span class='ocrx_word' id='word_1_192' title='bbox 1358 1469 1392 1525; x_wconf 91' lang='lat' dir='ltr'><strong>de</strong></span> <span class='ocrx_word' id='word_1_193' title='bbox 1413 1469 1468 1526; x_wconf 83' lang='lat' dir='ltr'><strong>Deo</strong></span> <span class='ocrx_word' id='word_1_194' title='bbox 1480 1470 1618 1533; x_wconf 90' lang='lat' dir='ltr'><strong>dicuntur,</strong></span> <span class='ocrx_word' id='word_1_195' title='bbox 1634 1484 1806 1541; x_wconf 82' lang='lat' dir='ltr'><strong>quaecuuque</strong></span> <span class='ocrx_word' id='word_1_196' title='bbox 1819 1469 1885 1524; x_wconf 82' lang='lat' dir='ltr'><strong>talia</strong></span> 
     </span>
     <span class='ocr_line' id='line_1_27' title="bbox 1095 1560 1883 1632; baseline 0.005 -18"><span class='ocrx_word' id='word_1_197' title='bbox 1095 1560 1129 1614; x_wconf 88' lang='lat' dir='ltr'><strong>dc</strong></span> <span class='ocrx_word' id='word_1_198' title='bbox 1144 1560 1198 1616; x_wconf 79' lang='lat' dir='ltr'><strong>lieo</strong></span> <span class='ocrx_word' id='word_1_199' title='bbox 1212 1560 1352 1626; x_wconf 90' lang='lat' dir='ltr'><strong>dicuntur,</strong></span> <span class='ocrx_word' id='word_1_200' title='bbox 1366 1576 1427 1632; x_wconf 85' lang='lat' dir='ltr'><strong>quae</strong></span> <span class='ocrx_word' id='word_1_201' title='bbox 1442 1561 1476 1616; x_wconf 88' lang='lat' dir='ltr'><strong>ad</strong></span> <span class='ocrx_word' id='word_1_202' title='bbox 1491 1575 1521 1616; x_wconf 86' lang='grc' dir='ltr'><strong>εε</strong></span> <span class='ocrx_word' id='word_1_203' title='bbox 1536 1561 1675 1626; x_wconf 89' lang='lat' dir='ltr'><strong>dicuntur,</strong></span> <span class='ocrx_word' id='word_1_204' title='bbox 1692 1568 1723 1615; x_wconf 95' lang='lat' dir='ltr'><strong>ut</strong></span> <span class='ocrx_word' id='word_1_205' title='bbox 1735 1569 1779 1618; x_wconf 89' lang='grc' dir='ltr'><strong>εει</strong></span> <span class='ocrx_word' id='word_1_206' title='bbox 1792 1561 1883 1627; x_wconf 83' lang='lat' dir='ltr'><strong>virus,</strong></span> 
     </span>
     <span class='ocr_line' id='line_1_28' title="bbox 1094 1651 1883 1729; baseline 0.004 -22"><span class='ocrx_word' id='word_1_207' title='bbox 1094 1660 1231 1717; x_wconf 79' lang='lat' dir='ltr'><strong>aeternus,</strong></span> <span class='ocrx_word' id='word_1_208' title='bbox 1254 1653 1451 1716; x_wconf 91' lang='lat' dir='ltr'><strong>immutabilis,</strong></span> <span class='ocrx_word' id='word_1_209' title='bbox 1472 1652 1601 1723; x_wconf 89' lang='lat' dir='ltr'><strong>sapiens,</strong></span> <span class='ocrx_word' id='word_1_210' title='bbox 1627 1661 1744 1721; x_wconf 88' lang='lat' dir='ltr'><strong>potens,</strong></span> <span class='ocrx_word' id='word_1_211' title='bbox 1768 1651 1883 1729; x_wconf 77' lang='lat' dir='ltr'><strong>justus,</strong></span> 
     </span>
     <span class='ocr_line' id='line_1_29' title="bbox 1095 1744 1885 1817; baseline 0.003 -18"><span class='ocrx_word' id='word_1_212' title='bbox 1095 1745 1195 1817; x_wconf 84' lang='lat' dir='ltr'><strong>bonus,</strong></span> <span class='ocrx_word' id='word_1_213' title='bbox 1212 1745 1328 1809; x_wconf 89' lang='lat' dir='ltr'><strong>beatus,</strong></span> <span class='ocrx_word' id='word_1_214' title='bbox 1350 1752 1376 1800; x_wconf 90' lang='grc' dir='ltr'><strong>ει</strong></span> <span class='ocrx_word' id='word_1_215' title='bbox 1398 1744 1495 1798; x_wconf 87' lang='lat' dir='ltr'><strong>borum</strong></span> <span class='ocrx_word' id='word_1_216' title='bbox 1516 1744 1638 1812; x_wconf 88' lang='lat' dir='ltr'><strong>omnium</strong></span> <span class='ocrx_word' id='word_1_217' title='bbox 1655 1745 1808 1816; x_wconf 77' lang='lat' dir='ltr'><strong>catalogus,</strong></span> <span class='ocrx_word' id='word_1_218' title='bbox 1823 1762 1885 1817; x_wconf 67' lang='lat' dir='ltr'><strong>quae</strong></span> 
     </span>
     <span class='ocr_line' id='line_1_30' title="bbox 1095 1835 1883 1913; baseline 0.001 -21"><span class='ocrx_word' id='word_1_219' title='bbox 1095 1835 1244 1892; x_wconf 88' lang='lat' dir='ltr'><strong>secundum</strong></span> <span class='ocrx_word' id='word_1_220' title='bbox 1257 1837 1416 1907; x_wconf 89' lang='lat' dir='ltr'><strong>qualitatem</strong></span> <span class='ocrx_word' id='word_1_221' title='bbox 1437 1836 1596 1913; x_wconf 84' lang='lat' dir='ltr'><strong>substantiae</strong></span> <span class='ocrx_word' id='word_1_222' title='bbox 1608 1836 1662 1891; x_wconf 89' lang='lat' dir='ltr'><strong>dici</strong></span> <span class='ocrx_word' id='word_1_223' title='bbox 1677 1837 1816 1903; x_wconf 84' lang='lat' dir='ltr'><strong>ridentur,</strong></span> <span class='ocrx_word' id='word_1_224' title='bbox 1829 1854 1883 1893; x_wconf 89' lang='lat' dir='ltr'><strong>non</strong></span> 
     </span>
    </p>
   </div>
   <div class='ocr_carea' id='block_1_15' title="bbox 257 1920 1898 2194">
    <p class='ocr_par' dir='ltr' id='par_1_15' title="bbox 257 1920 1898 2194">
     <span class='ocr_line' id='line_1_31' title="bbox 257 1920 1885 1998; baseline 0.004 -19"><span class='ocrx_word' id='word_1_225' title='bbox 257 1923 415 1988; x_wconf 81' lang='lat' dir='ltr'><strong>Estunum,</strong></span> <span class='ocrx_word' id='word_1_226' title='bbox 435 1926 507 1995; x_wconf 91' lang='lat' dir='ltr'><strong>qnod</strong></span> <span class='ocrx_word' id='word_1_227' title='bbox 531 1925 709 1982; x_wconf 84' lang='lat' dir='ltr'><strong>similitudine</strong></span> <span class='ocrx_word' id='word_1_228' title='bbox 736 1930 836 1984; x_wconf 90' lang='lat' dir='ltr'><strong>dicitur</strong></span> <span class='ocrx_word' id='word_1_229' title='bbox 861 1945 955 1994; x_wconf 76' lang='lat' dir='ltr'><strong>arrium,</strong></span> <span class='ocrx_word' id='word_1_230' title='bbox 974 1930 1046 1985; x_wconf 89' lang='lat' dir='ltr'><strong>siout</strong></span> <span class='ocrx_word' id='word_1_231' title='bbox 1095 1920 1435 1998; x_wconf 86' lang='lat' dir='ltr'><strong>secundum&#39;qualitatem,</strong></span> <span class='ocrx_word' id='word_1_232' title='bbox 1457 1927 1504 1983; x_wconf 91' lang='lat' dir='ltr'><strong>sed</strong></span> <span class='ocrx_word' id='word_1_233' title='bbox 1529 1927 1677 1983; x_wconf 85' lang='lat' dir='ltr'><strong>seeundum</strong></span> <span class='ocrx_word' id='word_1_234' title='bbox 1703 1929 1885 1985; x_wconf 79' lang='lat' dir='ltr'><strong>substantiam</strong></span> 
     </span>
     <span class='ocr_line' id='line_1_32' title="bbox 258 1995 1885 2094; baseline 0.002 -22"><span class='ocrx_word' id='word_1_235' title='bbox 258 2032 321 2072; x_wconf 94' lang='lat' dir='ltr'><strong>cum</strong></span> <span class='ocrx_word' id='word_1_236' title='bbox 336 2032 429 2072; x_wconf 87' lang='lat' dir='ltr'><strong>vocem</strong></span> <span class='ocrx_word' id='word_1_237' title='bbox 443 2016 561 2070; x_wconf 90' lang='lat' dir='ltr'><strong>dicimus</strong></span> <span class='ocrx_word' id='word_1_238' title='bbox 577 2033 658 2070; x_wconf 84' lang='lat' dir='ltr'><strong>urnam</strong></span> <span class='ocrx_word' id='word_1_239' title='bbox 673 2033 778 2082; x_wconf 75' lang='lat' dir='ltr'><strong>rocem,</strong></span> <span class='ocrx_word' id='word_1_240' title='bbox 793 2037 853 2094; x_wconf 75' lang='lat' dir='ltr'><strong>quae</strong></span> <span class='ocrx_word' id='word_1_241' title='bbox 867 2037 882 2075; x_wconf 87' lang='lat' dir='ltr'><strong>a</strong></span> <span class='ocrx_word' id='word_1_242' title='bbox 897 2022 989 2077; x_wconf 93' lang='lat' dir='ltr'><strong>multis</strong></span> <span class='ocrx_word' id='word_1_243' title='bbox 1004 2030 1046 2076; x_wconf 89' lang='lat' dir='ltr'><strong>cst</strong></span> <span class='ocrx_word' id='word_1_244' title='bbox 1061 1995 1082 2054; x_wconf 68' lang='grc' dir='ltr'><strong>Β</strong></span> <span class='ocrx_word' id='word_1_245' title='bbox 1095 2021 1148 2075; x_wconf 84' lang='lat' dir='ltr'><strong>dici</strong></span> <span class='ocrx_word' id='word_1_246' title='bbox 1163 2020 1368 2090; x_wconf 83' lang='lat' dir='ltr'><strong>intelligendum</strong></span> <span class='ocrx_word' id='word_1_247' title='bbox 1383 2028 1434 2074; x_wconf 89' lang='lat' dir='ltr'><strong>est.</strong></span> <span class='ocrx_word' id='word_1_248' title='bbox 1460 2020 1537 2076; x_wconf 88' lang='lat' dir='ltr'><strong>llbsit</strong></span> <span class='ocrx_word' id='word_1_249' title='bbox 1554 2020 1637 2084; x_wconf 88' lang='lat' dir='ltr'><strong>enim,</strong></span> <span class='ocrx_word' id='word_1_250' title='bbox 1655 2029 1684 2074; x_wconf 95' lang='lat' dir='ltr'><strong>nt</strong></span> <span class='ocrx_word' id='word_1_251' title='bbox 1697 2018 1769 2075; x_wconf 83' lang='lat' dir='ltr'><strong>Deus</strong></span> <span class='ocrx_word' id='word_1_252' title='bbox 1784 2037 1885 2077; x_wconf 75' lang='lat' dir='ltr'><strong>securr-</strong></span> 
     </span>
     <span class='ocr_line' id='line_1_33' title="bbox 257 2107 1898 2194; baseline 0.002 -31"><span class='ocrx_word' id='word_1_253' title='bbox 257 2107 627 2179; x_wconf 82' lang='lat' dir='ltr'><strong>prolata.llorumommuni</strong></span> <span class='ocrx_word' id='word_1_254' title='bbox 648 2108 716 2163; x_wconf 88' lang='lat' dir='ltr'><strong>nibil</strong></span> <span class='ocrx_word' id='word_1_255' title='bbox 739 2127 803 2167; x_wconf 84' lang='lat' dir='ltr'><strong>rere</strong></span> <span class='ocrx_word' id='word_1_256' title='bbox 821 2121 864 2167; x_wconf 92' lang='grc' dir='ltr'><strong>εει</strong></span> <span class='ocrx_word' id='word_1_257' title='bbox 885 2128 980 2176; x_wconf 91' lang='lat' dir='ltr'><strong>unum,</strong></span> <span class='ocrx_word' id='word_1_258' title='bbox 1003 2127 1046 2168; x_wconf 91' lang='lat' dir='ltr'><strong>se-</strong></span> <span class='ocrx_word' id='word_1_259' title='bbox 1096 2112 1160 2166; x_wconf 91' lang='lat' dir='ltr'><strong>dum</strong></span> <span class='ocrx_word' id='word_1_260' title='bbox 1193 2111 1372 2194; x_wconf 86' lang='lat' dir='ltr'><strong>substantiam</strong></span> <span class='ocrx_word' id='word_1_261' title='bbox 1404 2109 1532 2176; x_wconf 89' lang='lat' dir='ltr'><strong>dicatur,</strong></span> <span class='ocrx_word' id='word_1_262' title='bbox 1563 2111 1703 2186; x_wconf 21' lang='lat' dir='ltr'><strong>etlbonus</strong></span> <span class='ocrx_word' id='word_1_263' title='bbox 1731 2113 1898 2168; x_wconf 85' lang='lat' dir='ltr'><strong>secundum.</strong></span> 
     </span>
    </p>
   </div>
   <div class='ocr_carea' id='block_1_16' title="bbox 258 2203 1060 2366">
    <p class='ocr_par' dir='ltr' id='par_1_16' title="bbox 258 2203 1060 2366">
     <span class='ocr_line' id='line_1_34' title="bbox 258 2203 1060 2282; baseline 0 -25"><span class='ocrx_word' id='word_1_264' title='bbox 258 2203 377 2258; x_wconf 89' lang='lat' dir='ltr'><strong>cundum</strong></span> <span class='ocrx_word' id='word_1_265' title='bbox 391 2213 480 2261; x_wconf 91' lang='lat' dir='ltr'><strong>tamen</strong></span> <span class='ocrx_word' id='word_1_266' title='bbox 501 2209 617 2278; x_wconf 88' lang='lat' dir='ltr'><strong>aliquem</strong></span> <span class='ocrx_word' id='word_1_267' title='bbox 633 2208 758 2262; x_wconf 88' lang='lat' dir='ltr'><strong>ellectum</strong></span> <span class='ocrx_word' id='word_1_268' title='bbox 774 2221 856 2259; x_wconf 90' lang='lat' dir='ltr'><strong>unum</strong></span> <span class='ocrx_word' id='word_1_269' title='bbox 876 2204 948 2258; x_wconf 90' lang='lat' dir='ltr'><strong>dicta</strong></span> <span class='ocrx_word' id='word_1_270' title='bbox 962 2212 1060 2282; x_wconf 54' lang='lat' dir='ltr'><strong>suntp</strong></span> 
     </span>
     <span class='ocr_line' id='line_1_35' title="bbox 258 2295 1046 2366; baseline 0.001 -18"><span class='ocrx_word' id='word_1_271' title='bbox 258 2296 322 2365; x_wconf 89' lang='lat' dir='ltr'><strong>quia</strong></span> <span class='ocrx_word' id='word_1_272' title='bbox 336 2295 535 2366; x_wconf 91' lang='lat' dir='ltr'><strong>quodammodo</strong></span> <span class='ocrx_word' id='word_1_273' title='bbox 545 2298 579 2351; x_wconf 89' lang='lat' dir='ltr'><strong>ad</strong></span> <span class='ocrx_word' id='word_1_274' title='bbox 593 2300 724 2352; x_wconf 88' lang='lat' dir='ltr'><strong>unitatem</strong></span> <span class='ocrx_word' id='word_1_275' title='bbox 740 2296 883 2352; x_wconf 88' lang='lat' dir='ltr'><strong>accedunt.</strong></span> <span class='ocrx_word' id='word_1_276' title='bbox 899 2295 1046 2352; x_wconf 84' lang='lat' dir='ltr'><strong>lrrvcuiun-</strong></span> 
     </span>
    </p>
   </div>
   <div class='ocr_carea' id='block_1_17' title="bbox 1095 2192 1888 2366">
    <p class='ocr_par' dir='ltr' id='par_1_17' title="bbox 1095 2192 1888 2366">
     <span class='ocr_line' id='line_1_36' title="bbox 1095 2192 1888 2274; baseline 0.005 -19"><span class='ocrx_word' id='word_1_277' title='bbox 1095 2204 1264 2274; x_wconf 89' lang='lat' dir='ltr'><strong>qualitatem,</strong></span> <span class='ocrx_word' id='word_1_278' title='bbox 1281 2202 1329 2259; x_wconf 89' lang='lat' dir='ltr'><strong>sed</strong></span> <span class='ocrx_word' id='word_1_279' title='bbox 1343 2192 1489 2273; x_wconf 87' lang='lat' dir='ltr'><strong>utrumque</strong></span> <span class='ocrx_word' id='word_1_280' title='bbox 1512 2203 1663 2258; x_wconf 89' lang='lat' dir='ltr'><strong>secundum</strong></span> <span class='ocrx_word' id='word_1_281' title='bbox 1678 2204 1863 2259; x_wconf 82' lang='lat' dir='ltr'><strong>substantiam</strong></span> <span class='ocrx_word' id='word_1_282' title='bbox 1873 2206 1888 2259; x_wconf 84' lang='lat' dir='ltr'><strong>l.</strong></span> 
     </span>
     <span class='ocr_line' id='line_1_37' title="bbox 1095 2293 1882 2366; baseline 0.003 -18"><span class='ocrx_word' id='word_1_283' title='bbox 1095 2293 1155 2350; x_wconf 92' lang='lat' dir='ltr'><strong>Non</strong></span> <span class='ocrx_word' id='word_1_284' title='bbox 1180 2296 1252 2351; x_wconf 91' lang='lat' dir='ltr'><strong>enim</strong></span> <span class='ocrx_word' id='word_1_285' title='bbox 1284 2296 1378 2351; x_wconf 88' lang='lat' dir='ltr'><strong>inilia</strong></span> <span class='ocrx_word' id='word_1_286' title='bbox 1404 2297 1520 2366; x_wconf 89' lang='lat' dir='ltr'><strong>simplici</strong></span> <span class='ocrx_word' id='word_1_287' title='bbox 1543 2302 1570 2350; x_wconf 93' lang='lat' dir='ltr'><strong>et</strong></span> <span class='ocrx_word' id='word_1_288' title='bbox 1592 2295 1808 2351; x_wconf 85' lang='lat' dir='ltr'><strong>incommutabili</strong></span> <span class='ocrx_word' id='word_1_289' title='bbox 1836 2294 1882 2350; x_wconf 75' lang='lat' dir='ltr'><strong>liei</strong></span> 
     </span>
    </p>
   </div>
   <div class='ocr_carea' id='block_1_18' title="bbox 257 2384 1893 2460">
    <p class='ocr_par' dir='ltr' id='par_1_18' title="bbox 257 2384 1893 2460">
     <span class='ocr_line' id='line_1_38' title="bbox 257 2384 1893 2460; baseline -0.001 -20"><span class='ocrx_word' id='word_1_290' title='bbox 257 2393 304 2440; x_wconf 92' lang='lat' dir='ltr'><strong>tur</strong></span> <span class='ocrx_word' id='word_1_291' title='bbox 321 2388 444 2457; x_wconf 80' lang='lat' dir='ltr'><strong>quaedam</strong></span> <span class='ocrx_word' id='word_1_292' title='bbox 461 2405 515 2454; x_wconf 89' lang='lat' dir='ltr'><strong>res,</strong></span> <span class='ocrx_word' id='word_1_293' title='bbox 532 2405 593 2460; x_wconf 77' lang='lat' dir='ltr'><strong>quae</strong></span> <span class='ocrx_word' id='word_1_294' title='bbox 617 2403 783 2444; x_wconf 79' lang='lat' dir='ltr'><strong>verounum</strong></span> <span class='ocrx_word' id='word_1_295' title='bbox 809 2386 947 2450; x_wconf 90' lang='lat' dir='ltr'><strong>dicuntur,</strong></span> <span class='ocrx_word' id='word_1_296' title='bbox 974 2386 1046 2442; x_wconf 91' lang='lat' dir='ltr'><strong>sicut</strong></span> <span class='ocrx_word' id='word_1_297' title='bbox 1095 2392 1194 2439; x_wconf 90' lang='lat' dir='ltr'><strong>natura</strong></span> <span class='ocrx_word' id='word_1_298' title='bbox 1211 2385 1284 2440; x_wconf 89' lang='lat' dir='ltr'><strong>aliud</strong></span> <span class='ocrx_word' id='word_1_299' title='bbox 1303 2394 1345 2441; x_wconf 86' lang='lat' dir='ltr'><strong>est</strong></span> <span class='ocrx_word' id='word_1_300' title='bbox 1363 2400 1435 2450; x_wconf 87' lang='lat' dir='ltr'><strong>esse,</strong></span> <span class='ocrx_word' id='word_1_301' title='bbox 1452 2393 1480 2442; x_wconf 87' lang='lat' dir='ltr'><strong>et</strong></span> <span class='ocrx_word' id='word_1_302' title='bbox 1498 2385 1570 2440; x_wconf 90' lang='lat' dir='ltr'><strong>aliud</strong></span> <span class='ocrx_word' id='word_1_303' title='bbox 1591 2384 1690 2439; x_wconf 82' lang='lat' dir='ltr'><strong>bornum</strong></span> <span class='ocrx_word' id='word_1_304' title='bbox 1705 2399 1784 2452; x_wconf 87' lang='lat' dir='ltr'><strong>esse;</strong></span> <span class='ocrx_word' id='word_1_305' title='bbox 1808 2384 1893 2439; x_wconf 89' lang='lat' dir='ltr'><strong>aliud·</strong></span> 
     </span>
    </p>
   </div>
   <div class='ocr_carea' id='block_1_19' title="bbox 258 2479 1045 2553">
    <p class='ocr_par' dir='ltr' id='par_1_19' title="bbox 258 2479 1045 2553">
     <span class='ocr_line' id='line_1_39' title="bbox 258 2479 1045 2553; baseline 0 -19"><span class='ocrx_word' id='word_1_306' title='bbox 258 2480 356 2535; x_wconf 85' lang='lat' dir='ltr'><strong>animae</strong></span> <span class='ocrx_word' id='word_1_307' title='bbox 369 2490 479 2544; x_wconf 80' lang='lat' dir='ltr'><strong>nostrae,</strong></span> <span class='ocrx_word' id='word_1_308' title='bbox 496 2498 556 2553; x_wconf 83' lang='lat' dir='ltr'><strong>quae</strong></span> <span class='ocrx_word' id='word_1_309' title='bbox 573 2498 635 2538; x_wconf 85' lang='lat' dir='ltr'><strong>vere</strong></span> <span class='ocrx_word' id='word_1_310' title='bbox 655 2496 740 2536; x_wconf 89' lang='lat' dir='ltr'><strong>uuum</strong></span> <span class='ocrx_word' id='word_1_311' title='bbox 761 2488 842 2545; x_wconf 91' lang='lat' dir='ltr'><strong>sunt,</strong></span> <span class='ocrx_word' id='word_1_312' title='bbox 865 2479 893 2535; x_wconf 90' lang='lat' dir='ltr'><strong>in</strong></span> <span class='ocrx_word' id='word_1_313' title='bbox 911 2488 1045 2551; x_wconf 90' lang='lat' dir='ltr'><strong>quantum</strong></span> 
     </span>
    </p>
   </div>
   <div class='ocr_carea' id='block_1_20' title="bbox 252 2572 1057 2643">
    <p class='ocr_par' dir='ltr' id='par_1_20' title="bbox 252 2572 1057 2643">
     <span class='ocr_line' id='line_1_40' title="bbox 252 2572 1057 2643; baseline 0 -15"><span class='ocrx_word' id='word_1_314' title='bbox 252 2572 441 2628; x_wconf 77' lang='lat' dir='ltr'><strong>essentialiter</strong></span> <span class='ocrx_word' id='word_1_315' title='bbox 454 2579 529 2638; x_wconf 87' lang='lat' dir='ltr'><strong>sunt,</strong></span> <span class='ocrx_word' id='word_1_316' title='bbox 548 2573 597 2628; x_wconf 91' lang='lat' dir='ltr'><strong>sed</strong></span> <span class='ocrx_word' id='word_1_317' title='bbox 609 2589 715 2628; x_wconf 79' lang='lat' dir='ltr'><strong>suntme</strong></span> <span class='ocrx_word' id='word_1_318' title='bbox 729 2589 813 2629; x_wconf 89' lang='lat' dir='ltr'><strong>unrrm</strong></span> <span class='ocrx_word' id='word_1_319' title='bbox 827 2588 881 2628; x_wconf 90' lang='grc' dir='ltr'>ιιοιι</span> <span class='ocrx_word' id='word_1_320' title='bbox 895 2580 969 2635; x_wconf 87' lang='grc' dir='ltr'>ειιιιι,</span> <span class='ocrx_word' id='word_1_321' title='bbox 981 2573 1057 2643; x_wconf 82' lang='lat' dir='ltr'><strong>quia‘</strong></span> 
     </span>
    </p>
   </div>
   <div class='ocr_carea' id='block_1_21' title="bbox 258 2665 1045 2824">
    <p class='ocr_par' dir='ltr' id='par_1_21' title="bbox 258 2665 1045 2824">
     <span class='ocr_line' id='line_1_41' title="bbox 258 2665 1045 2737; baseline -0.001 -15"><span class='ocrx_word' id='word_1_322' title='bbox 258 2667 457 2722; x_wconf 83' lang='lat' dir='ltr'><strong>invariabiliter</strong></span> <span class='ocrx_word' id='word_1_323' title='bbox 471 2682 525 2722; x_wconf 88' lang='lat' dir='ltr'><strong>non</strong></span> <span class='ocrx_word' id='word_1_324' title='bbox 544 2674 618 2721; x_wconf 90' lang='lat' dir='ltr'><strong>sunt.</strong></span> <span class='ocrx_word' id='word_1_325' title='bbox 635 2665 713 2733; x_wconf 81' lang='lat' dir='ltr'><strong>erod</strong></span> <span class='ocrx_word' id='word_1_326' title='bbox 727 2667 809 2737; x_wconf 78' lang='lat' dir='ltr'><strong>igitur</strong></span> <span class='ocrx_word' id='word_1_327' title='bbox 823 2667 1006 2722; x_wconf 85' lang='lat' dir='ltr'><strong>essentialiter</strong></span> <span class='ocrx_word' id='word_1_328' title='bbox 1018 2674 1045 2721; x_wconf 95' lang='grc' dir='ltr'><strong>ει</strong></span> 
     </span>
     <span class='ocr_line' id='line_1_42' title="bbox 258 2760 1044 2824; baseline -0.001 -10"><span class='ocrx_word' id='word_1_329' title='bbox 258 2760 456 2814; x_wconf 82' lang='lat' dir='ltr'><strong>invariabiliter</strong></span> <span class='ocrx_word' id='word_1_330' title='bbox 478 2775 562 2813; x_wconf 91' lang='lat' dir='ltr'><strong>unum</strong></span> <span class='ocrx_word' id='word_1_331' title='bbox 576 2767 629 2821; x_wconf 88' lang='lat' dir='ltr'><strong>cst,</strong></span> <span class='ocrx_word' id='word_1_332' title='bbox 647 2775 710 2813; x_wconf 80' lang='lat' dir='ltr'><strong>rere</strong></span> <span class='ocrx_word' id='word_1_333' title='bbox 729 2767 756 2813; x_wconf 88' lang='lat' dir='ltr'><strong>et</strong></span> <span class='ocrx_word' id='word_1_334' title='bbox 772 2775 877 2814; x_wconf 89' lang='lat' dir='ltr'><strong>summe</strong></span> <span class='ocrx_word' id='word_1_335' title='bbox 894 2773 976 2812; x_wconf 91' lang='lat' dir='ltr'><strong>unum</strong></span> <span class='ocrx_word' id='word_1_336' title='bbox 991 2767 1044 2824; x_wconf 88' lang='lat' dir='ltr'><strong>est,</strong></span> 
     </span>
    </p>
   </div>
   <div class='ocr_carea' id='block_1_22' title="bbox 1095 2478 1884 2819">
    <p class='ocr_par' dir='ltr' id='par_1_22' title="bbox 1095 2478 1884 2819">
     <span class='ocr_line' id='line_1_43' title="bbox 1095 2478 1882 2548; baseline 0.001 -17"><span class='ocrx_word' id='word_1_337' title='bbox 1095 2492 1225 2547; x_wconf 69' lang='lat' dir='ltr'><strong>magnum</strong></span> <span class='ocrx_word' id='word_1_338' title='bbox 1245 2493 1308 2534; x_wconf 87' lang='lat' dir='ltr'><strong>esse</strong></span> <span class='ocrx_word' id='word_1_339' title='bbox 1322 2484 1370 2533; x_wconf 91' lang='lat' dir='ltr'><strong>aut</strong></span> <span class='ocrx_word' id='word_1_340' title='bbox 1394 2478 1543 2548; x_wconf 86' lang='lat' dir='ltr'><strong>sapientem</strong></span> <span class='ocrx_word' id='word_1_341' title='bbox 1560 2484 1606 2531; x_wconf 92' lang='lat' dir='ltr'><strong>aut</strong></span> <span class='ocrx_word' id='word_1_342' title='bbox 1628 2493 1721 2533; x_wconf 87' lang='lat' dir='ltr'><strong>rerum</strong></span> <span class='ocrx_word' id='word_1_343' title='bbox 1741 2492 1818 2542; x_wconf 84' lang='lat' dir='ltr'><strong>esse,</strong></span> <span class='ocrx_word' id='word_1_344' title='bbox 1835 2483 1882 2532; x_wconf 85' lang='lat' dir='ltr'><strong>aut</strong></span> 
     </span>
     <span class='ocr_line' id='line_1_44' title="bbox 1095 2568 1884 2642; baseline 0 -20"><span class='ocrx_word' id='word_1_345' title='bbox 1095 2570 1207 2626; x_wconf 83' lang='lat' dir='ltr'><strong>omnino</strong></span> <span class='ocrx_word' id='word_1_346' title='bbox 1222 2571 1310 2642; x_wconf 92' lang='lat' dir='ltr'><strong>ipsum</strong></span> <span class='ocrx_word' id='word_1_347' title='bbox 1331 2586 1402 2627; x_wconf 91' lang='lat' dir='ltr'><strong>esse.</strong></span> <span class='ocrx_word' id='word_1_348' title='bbox 1427 2568 1481 2625; x_wconf 86' lang='lat' dir='ltr'><strong>Sed</strong></span> <span class='ocrx_word' id='word_1_349' title='bbox 1500 2569 1557 2624; x_wconf 87' lang='lat' dir='ltr'><strong>lraec</strong></span> <span class='ocrx_word' id='word_1_350' title='bbox 1579 2569 1681 2634; x_wconf 88' lang='lat' dir='ltr'><strong>omnia,</strong></span> <span class='ocrx_word' id='word_1_351' title='bbox 1704 2577 1730 2624; x_wconf 91' lang='lat' dir='ltr'><strong>et</strong></span> <span class='ocrx_word' id='word_1_352' title='bbox 1752 2584 1884 2640; x_wconf 72' lang='lat' dir='ltr'><strong>quaecun-</strong></span> 
     </span>
     <span class='ocr_line' id='line_1_45' title="bbox 1095 2660 1883 2732; baseline -0.001 -17"><span class='ocrx_word' id='word_1_353' title='bbox 1095 2676 1148 2732; x_wconf 90' lang='lat' dir='ltr'><strong>que</strong></span> <span class='ocrx_word' id='word_1_354' title='bbox 1162 2661 1195 2716; x_wconf 92' lang='lat' dir='ltr'><strong>ad</strong></span> <span class='ocrx_word' id='word_1_355' title='bbox 1213 2678 1243 2718; x_wconf 90' lang='lat' dir='ltr'><strong>sc</strong></span> <span class='ocrx_word' id='word_1_356' title='bbox 1257 2662 1366 2726; x_wconf 90' lang='lat' dir='ltr'><strong>dicitur,</strong></span> <span class='ocrx_word' id='word_1_357' title='bbox 1383 2675 1437 2716; x_wconf 90' lang='lat' dir='ltr'><strong>una</strong></span> <span class='ocrx_word' id='word_1_358' title='bbox 1454 2667 1482 2715; x_wconf 93' lang='lat' dir='ltr'><strong>et</strong></span> <span class='ocrx_word' id='word_1_359' title='bbox 1497 2660 1611 2729; x_wconf 81' lang='lat' dir='ltr'><strong>simplex</strong></span> <span class='ocrx_word' id='word_1_360' title='bbox 1628 2670 1654 2716; x_wconf 89' lang='lat' dir='ltr'><strong>et</strong></span> <span class='ocrx_word' id='word_1_361' title='bbox 1669 2661 1883 2716; x_wconf 85' lang='lat' dir='ltr'><strong>incommutabi-</strong></span> 
     </span>
     <span class='ocr_line' id='line_1_46' title="bbox 1095 2752 1882 2819; baseline 0 -9"><span class='ocrx_word' id='word_1_362' title='bbox 1095 2755 1130 2810; x_wconf 87' lang='lat' dir='ltr'><strong>lis</strong></span> <span class='ocrx_word' id='word_1_363' title='bbox 1155 2755 1275 2810; x_wconf 86' lang='lat' dir='ltr'><strong>essentia</strong></span> <span class='ocrx_word' id='word_1_364' title='bbox 1301 2765 1376 2819; x_wconf 90' lang='lat' dir='ltr'><strong>sunt,</strong></span> <span class='ocrx_word' id='word_1_365' title='bbox 1398 2753 1450 2812; x_wconf 87' lang='lat' dir='ltr'><strong>boc</strong></span> <span class='ocrx_word' id='word_1_366' title='bbox 1476 2757 1528 2816; x_wconf 91' lang='grc' dir='ltr'>εει,</span> <span class='ocrx_word' id='word_1_367' title='bbox 1546 2768 1629 2806; x_wconf 92' lang='lat' dir='ltr'><strong>unum</strong></span> <span class='ocrx_word' id='word_1_368' title='bbox 1649 2758 1676 2807; x_wconf 86' lang='lat' dir='ltr'><strong>et</strong></span> <span class='ocrx_word' id='word_1_369' title='bbox 1703 2752 1775 2807; x_wconf 91' lang='lat' dir='ltr'><strong>idem</strong></span> <span class='ocrx_word' id='word_1_370' title='bbox 1807 2763 1882 2810; x_wconf 87' lang='lat' dir='ltr'><strong>sunt.</strong></span> 
     </span>
    </p>
   </div>
   <div class='ocr_carea' id='block_1_23' title="bbox 258 2829 1898 2920">
    <p class='ocr_par' dir='ltr' id='par_1_23' title="bbox 258 2829 1898 2920">
     <span class='ocr_line' id='line_1_47' title="bbox 258 2829 1898 2920; baseline -0.003 -17"><span class='ocrx_word' id='word_1_371' title='bbox 258 2848 331 2919; x_wconf 88' lang='lat' dir='ltr'><strong>quod</strong></span> <span class='ocrx_word' id='word_1_372' title='bbox 346 2850 422 2904; x_wconf 90' lang='lat' dir='ltr'><strong>solus</strong></span> <span class='ocrx_word' id='word_1_373' title='bbox 439 2848 508 2904; x_wconf 86' lang='lat' dir='ltr'><strong>bens</strong></span> <span class='ocrx_word' id='word_1_374' title='bbox 522 2858 575 2905; x_wconf 86' lang='lat' dir='ltr'><strong>est.</strong></span> <span class='ocrx_word' id='word_1_375' title='bbox 589 2849 657 2904; x_wconf 81' lang='lat' dir='ltr'><strong>Cum</strong></span> <span class='ocrx_word' id='word_1_376' title='bbox 671 2850 754 2920; x_wconf 80' lang='lat' dir='ltr'><strong>igitur</strong></span> <span class='ocrx_word' id='word_1_377' title='bbox 766 2858 864 2904; x_wconf 89' lang='lat' dir='ltr'><strong>natura</strong></span> <span class='ocrx_word' id='word_1_378' title='bbox 876 2849 1006 2912; x_wconf 90' lang='lat' dir='ltr'><strong>bominis,</strong></span> <span class='ocrx_word' id='word_1_379' title='bbox 1019 2862 1046 2905; x_wconf 90' lang='lat' dir='ltr'><strong>et</strong></span> <span class='ocrx_word' id='word_1_380' title='bbox 1095 2844 1209 2902; x_wconf 78' lang='lat' dir='ltr'><strong>Excellit</strong></span> <span class='ocrx_word' id='word_1_381' title='bbox 1223 2861 1291 2917; x_wconf 51' lang='lat' dir='ltr'><strong>ergo¹</strong></span> <span class='ocrx_word' id='word_1_382' title='bbox 1312 2845 1359 2900; x_wconf 83' lang='lat' dir='ltr'><strong>Dei</strong></span> <span class='ocrx_word' id='word_1_383' title='bbox 1381 2845 1533 2902; x_wconf 90' lang='lat' dir='ltr'><strong>substantia</strong></span> <span class='ocrx_word' id='word_1_384' title='bbox 1552 2844 1678 2898; x_wconf 83' lang='lat' dir='ltr'><strong>onrrribus</strong></span> <span class='ocrx_word' id='word_1_385' title='bbox 1699 2843 1799 2900; x_wconf 87' lang='lat' dir='ltr'><strong>creatis</strong></span> <span class='ocrx_word' id='word_1_386' title='bbox 1815 2829 1898 2899; x_wconf 62' lang='lat' dir='ltr'><strong>sobss.</strong></span> 
     </span>
    </p>
   </div>
   <div class='ocr_carea' id='block_1_24' title="bbox 257 2937 1045 3012">
    <p class='ocr_par' dir='ltr' id='par_1_24' title="bbox 257 2937 1045 3012">
     <span class='ocr_line' id='line_1_48' title="bbox 257 2937 1045 3012; baseline 0.004 -21"><span class='ocrx_word' id='word_1_387' title='bbox 257 2947 357 2992; x_wconf 89' lang='lat' dir='ltr'><strong>natura</strong></span> <span class='ocrx_word' id='word_1_388' title='bbox 381 2937 428 2994; x_wconf 84' lang='lat' dir='ltr'><strong>llei</strong></span> <span class='ocrx_word' id='word_1_389' title='bbox 452 2939 489 2993; x_wconf 89' lang='lat' dir='ltr'><strong>ita</strong></span> <span class='ocrx_word' id='word_1_390' title='bbox 509 2939 610 3012; x_wconf 83' lang='lat' dir='ltr'><strong>diuersi</strong></span> <span class='ocrx_word' id='word_1_391' title='bbox 625 2942 697 3002; x_wconf 89' lang='lat' dir='ltr'><strong>sint,</strong></span> <span class='ocrx_word' id='word_1_392' title='bbox 724 2948 753 2994; x_wconf 96' lang='lat' dir='ltr'><strong>ut</strong></span> <span class='ocrx_word' id='word_1_393' title='bbox 774 2940 956 3008; x_wconf 74' lang='lat' dir='ltr'><strong>dictumest,</strong></span> <span class='ocrx_word' id='word_1_394' title='bbox 980 2941 1045 3012; x_wconf 91' lang='lat' dir='ltr'><strong>quia</strong></span> 
     </span>
    </p>
   </div>
   <div class='ocr_carea' id='block_1_25' title="bbox 1096 2933 1880 3004">
    <p class='ocr_par' dir='ltr' id='par_1_25' title="bbox 1096 2933 1880 3004">
     <span class='ocr_line' id='line_1_49' title="bbox 1096 2933 1880 3004; baseline 0.001 -16"><span class='ocrx_word' id='word_1_395' title='bbox 1096 2933 1214 2997; x_wconf 84' lang='lat' dir='ltr'><strong>stantiis,</strong></span> <span class='ocrx_word' id='word_1_396' title='bbox 1236 2933 1272 2988; x_wconf 87' lang='lat' dir='ltr'><strong>ita</strong></span> <span class='ocrx_word' id='word_1_397' title='bbox 1289 2941 1317 2987; x_wconf 90' lang='lat' dir='ltr'><strong>ut</strong></span> <span class='ocrx_word' id='word_1_398' title='bbox 1330 2933 1384 2988; x_wconf 89' lang='lat' dir='ltr'><strong>diei</strong></span> <span class='ocrx_word' id='word_1_399' title='bbox 1399 2934 1485 3004; x_wconf 84' lang='lat' dir='ltr'><strong>possit</strong></span> <span class='ocrx_word' id='word_1_400' title='bbox 1497 2934 1650 2988; x_wconf 87' lang='lat' dir='ltr'><strong>substantia</strong></span> <span class='ocrx_word' id='word_1_401' title='bbox 1663 2934 1880 3004; x_wconf 87' lang='lat' dir='ltr'><strong>supersubstan-</strong></span> 
     </span>
    </p>
   </div>
   <div class='ocr_carea' id='block_1_26' title="bbox 258 3023 1882 3191">
    <p class='ocr_par' dir='ltr' id='par_1_26' title="bbox 258 3023 1882 3191">
     <span class='ocr_line' id='line_1_50' title="bbox 258 3023 1882 3101; baseline 0.004 -20"><span class='ocrx_word' id='word_1_402' title='bbox 258 3028 341 3084; x_wconf 90' lang='lat' dir='ltr'><strong>bomo</strong></span> <span class='ocrx_word' id='word_1_403' title='bbox 355 3044 387 3083; x_wconf 84' lang='lat' dir='ltr'><strong>en</strong></span> <span class='ocrx_word' id='word_1_404' title='bbox 402 3044 516 3099; x_wconf 89' lang='lat' dir='ltr'><strong>eorpore</strong></span> <span class='ocrx_word' id='word_1_405' title='bbox 525 3040 552 3085; x_wconf 92' lang='lat' dir='ltr'><strong>et</strong></span> <span class='ocrx_word' id='word_1_406' title='bbox 566 3032 657 3084; x_wconf 88' lang='lat' dir='ltr'><strong>anirna</strong></span> <span class='ocrx_word' id='word_1_407' title='bbox 674 3040 800 3093; x_wconf 90' lang='lat' dir='ltr'><strong>constat,</strong></span> <span class='ocrx_word' id='word_1_408' title='bbox 816 3047 932 3101; x_wconf 88' lang='lat' dir='ltr'><strong>quorum</strong></span> <span class='ocrx_word' id='word_1_409' title='bbox 948 3041 1045 3087; x_wconf 89' lang='lat' dir='ltr'><strong>natura</strong></span> <span class='ocrx_word' id='word_1_410' title='bbox 1095 3024 1177 3078; x_wconf 56' lang='lat' dir='ltr'><strong>lillis·</strong></span> <span class='ocrx_word' id='word_1_411' title='bbox 1189 3023 1335 3079; x_wconf 68' lang='lat' dir='ltr'><strong>Pluralsser</strong></span> <span class='ocrx_word' id='word_1_412' title='bbox 1357 3024 1413 3080; x_wconf 74' lang='lat' dir='ltr'><strong>dixi</strong></span> <span class='ocrx_word' id='word_1_413' title='bbox 1437 3025 1609 3088; x_wconf 60' lang='lat' dir='ltr'><strong>subsimilis·</strong></span> <span class='ocrx_word' id='word_1_414' title='bbox 1637 3025 1701 3096; x_wconf 65' lang='lat' dir='ltr'><strong>‘litia</strong></span> <span class='ocrx_word' id='word_1_415' title='bbox 1728 3025 1882 3083; x_wconf 64' lang='lat' dir='ltr'><strong>substantio</strong></span> 
     </span>
     <span class='ocr_line' id='line_1_51' title="bbox 259 3116 1474 3191; baseline 0.003 -17"><span class='ocrx_word' id='word_1_416' title='bbox 259 3120 366 3175; x_wconf 89' lang='lat' dir='ltr'><strong>diversa</strong></span> <span class='ocrx_word' id='word_1_417' title='bbox 378 3132 438 3185; x_wconf 90' lang='lat' dir='ltr'><strong>est,</strong></span> <span class='ocrx_word' id='word_1_418' title='bbox 454 3128 481 3175; x_wconf 90' lang='lat' dir='ltr'><strong>ct</strong></span> <span class='ocrx_word' id='word_1_419' title='bbox 494 3121 554 3176; x_wconf 89' lang='lat' dir='ltr'><strong>ideo</strong></span> <span class='ocrx_word' id='word_1_420' title='bbox 573 3122 729 3191; x_wconf 83' lang='lat' dir='ltr'><strong>multiplex,</strong></span> <span class='ocrx_word' id='word_1_421' title='bbox 742 3138 792 3177; x_wconf 90' lang='lat' dir='ltr'><strong>nec</strong></span> <span class='ocrx_word' id='word_1_422' title='bbox 811 3139 873 3178; x_wconf 82' lang='lat' dir='ltr'><strong>vere</strong></span> <span class='ocrx_word' id='word_1_423' title='bbox 888 3138 973 3177; x_wconf 90' lang='lat' dir='ltr'><strong>uuum</strong></span> <span class='ocrx_word' id='word_1_424' title='bbox 985 3139 1046 3180; x_wconf 86' lang='lat' dir='ltr'><strong>esse</strong></span> <span class='ocrx_word' id='word_1_425' title='bbox 1095 3118 1150 3170; x_wconf 67' lang='lat'>¹¹0¹!</span> <span class='ocrx_word' id='word_1_426' title='bbox 1165 3132 1220 3170; x_wconf 63' lang='lat'><strong>”¹¹0</strong></span> <span class='ocrx_word' id='word_1_427' title='bbox 1236 3116 1315 3170; x_wconf 79' lang='lat' dir='ltr'>¹¹¹⁰th</span> <span class='ocrx_word' id='word_1_428' title='bbox 1329 3117 1474 3187; x_wconf 66' lang='lat' dir='ltr'><strong>accipitur·</strong></span> 
     </span>
    </p>
   </div>
   <div class='ocr_carea' id='block_1_27' title="bbox 257 3213 1044 3468">
    <p class='ocr_par' dir='ltr' id='par_1_27' title="bbox 257 3213 1044 3468">
     <span class='ocr_line' id='line_1_52' title="bbox 257 3213 1043 3285; baseline 0.011 -22"><span class='ocrx_word' id='word_1_429' title='bbox 257 3213 359 3280; x_wconf 91' lang='lat' dir='ltr'><strong>possit;</strong></span> <span class='ocrx_word' id='word_1_430' title='bbox 373 3213 438 3283; x_wconf 94' lang='lat' dir='ltr'><strong>quia</strong></span> <span class='ocrx_word' id='word_1_431' title='bbox 453 3213 480 3267; x_wconf 91' lang='lat' dir='ltr'><strong>in</strong></span> <span class='ocrx_word' id='word_1_432' title='bbox 495 3229 608 3283; x_wconf 88' lang='lat' dir='ltr'><strong>corpore</strong></span> <span class='ocrx_word' id='word_1_433' title='bbox 630 3215 703 3268; x_wconf 88' lang='lat' dir='ltr'><strong>aliud</strong></span> <span class='ocrx_word' id='word_1_434' title='bbox 722 3222 765 3269; x_wconf 89' lang='lat' dir='ltr'><strong>est</strong></span> <span class='ocrx_word' id='word_1_435' title='bbox 784 3215 959 3285; x_wconf 78' lang='lat' dir='ltr'><strong>magnitudo,</strong></span> <span class='ocrx_word' id='word_1_436' title='bbox 972 3216 1043 3272; x_wconf 89' lang='lat' dir='ltr'><strong>aliud</strong></span> 
     </span>
     <span class='ocr_line' id='line_1_53' title="bbox 258 3300 1043 3377; baseline 0.006 -22"><span class='ocrx_word' id='word_1_437' title='bbox 258 3301 345 3364; x_wconf 87' lang='lat' dir='ltr'><strong>color,</strong></span> <span class='ocrx_word' id='word_1_438' title='bbox 359 3300 432 3355; x_wconf 90' lang='lat' dir='ltr'><strong>allud</strong></span> <span class='ocrx_word' id='word_1_439' title='bbox 450 3301 546 3372; x_wconf 75' lang='lat' dir='ltr'><strong>ligura,</strong></span> <span class='ocrx_word' id='word_1_440' title='bbox 563 3312 589 3359; x_wconf 89' lang='grc' dir='ltr'><strong>ει</strong></span> <span class='ocrx_word' id='word_1_441' title='bbox 604 3305 661 3359; x_wconf 83' lang='lat' dir='ltr'><strong>lraec</strong></span> <span class='ocrx_word' id='word_1_442' title='bbox 675 3305 791 3360; x_wconf 79' lang='lat' dir='ltr'><strong>invicem</strong></span> <span class='ocrx_word' id='word_1_443' title='bbox 805 3310 904 3361; x_wconf 83' lang='lat' dir='ltr'><strong>uiolari</strong></span> <span class='ocrx_word' id='word_1_444' title='bbox 919 3315 1043 3377; x_wconf 88' lang='lat' dir='ltr'><strong>possunt;</strong></span> 
     </span>
     <span class='ocr_line' id='line_1_54' title="bbox 258 3395 1044 3468; baseline 0.005 -18"><span class='ocrx_word' id='word_1_445' title='bbox 258 3401 349 3466; x_wconf 86' lang='lat' dir='ltr'><strong>potest</strong></span> <span class='ocrx_word' id='word_1_446' title='bbox 367 3395 439 3450; x_wconf 93' lang='lat' dir='ltr'><strong>enim</strong></span> <span class='ocrx_word' id='word_1_447' title='bbox 464 3406 490 3451; x_wconf 92' lang='lat' dir='ltr'><strong>et</strong></span> <span class='ocrx_word' id='word_1_448' title='bbox 512 3406 615 3451; x_wconf 88' lang='lat' dir='ltr'><strong>mutata</strong></span> <span class='ocrx_word' id='word_1_449' title='bbox 631 3398 817 3468; x_wconf 75' lang='lat' dir='ltr'><strong>rrraqnitudine</strong></span> <span class='ocrx_word' id='word_1_450' title='bbox 837 3414 947 3454; x_wconf 86' lang='lat' dir='ltr'><strong>nranere</strong></span> <span class='ocrx_word' id='word_1_451' title='bbox 974 3400 1044 3454; x_wconf 88' lang='lat' dir='ltr'><strong>idem</strong></span> 
     </span>
    </p>
   </div>
   <div class='ocr_carea' id='block_1_28' title="bbox 1096 3207 1883 3462">
    <p class='ocr_par' dir='ltr' id='par_1_28' title="bbox 1096 3207 1883 3462">
     <span class='ocr_line' id='line_1_55' title="bbox 1131 3207 1883 3280; baseline 0.001 -19"><span class='ocrx_word' id='word_1_452' title='bbox 1131 3207 1289 3263; x_wconf 85' lang='lat' dir='ltr'><strong>Substantia</strong></span> <span class='ocrx_word' id='word_1_453' title='bbox 1304 3208 1376 3263; x_wconf 92' lang='lat' dir='ltr'><strong>enim</strong></span> <span class='ocrx_word' id='word_1_454' title='bbox 1392 3208 1555 3280; x_wconf 90' lang='lat' dir='ltr'><strong>quandoque</strong></span> <span class='ocrx_word' id='word_1_455' title='bbox 1577 3225 1592 3264; x_wconf 92' lang='lat' dir='ltr'><strong>a</strong></span> <span class='ocrx_word' id='word_1_456' title='bbox 1606 3208 1751 3263; x_wconf 78' lang='lat' dir='ltr'><strong>substando</strong></span> <span class='ocrx_word' id='word_1_457' title='bbox 1769 3208 1883 3273; x_wconf 82' lang='lat' dir='ltr'><strong>dicitur,</strong></span> 
     </span>
     <span class='ocr_line' id='line_1_56' title="bbox 1096 3301 1880 3374; baseline 0.004 -20"><span class='ocrx_word' id='word_1_458' title='bbox 1096 3301 1167 3371; x_wconf 82' lang='lat' dir='ltr'><strong>quod</strong></span> <span class='ocrx_word' id='word_1_459' title='bbox 1183 3301 1293 3372; x_wconf 85' lang='lat' dir='ltr'><strong>proprie</strong></span> <span class='ocrx_word' id='word_1_460' title='bbox 1307 3301 1405 3358; x_wconf 89' lang='lat' dir='ltr'><strong>dicitur</strong></span> <span class='ocrx_word' id='word_1_461' title='bbox 1426 3302 1459 3358; x_wconf 91' lang='lat' dir='ltr'><strong>de</strong></span> <span class='ocrx_word' id='word_1_462' title='bbox 1474 3303 1587 3357; x_wconf 92' lang='lat' dir='ltr'><strong>materia</strong></span> <span class='ocrx_word' id='word_1_463' title='bbox 1610 3302 1790 3373; x_wconf 85' lang='lat' dir='ltr'><strong>primordiali,</strong></span> <span class='ocrx_word' id='word_1_464' title='bbox 1810 3317 1880 3374; x_wconf 76' lang='lat' dir='ltr'><strong>quae,</strong></span> 
     </span>
     <span class='ocr_line' id='line_1_57' title="bbox 1097 3392 1878 3462; baseline 0.001 -14"><span class='ocrx_word' id='word_1_465' title='bbox 1097 3405 1126 3450; x_wconf 94' lang='lat' dir='ltr'><strong>ut</strong></span> <span class='ocrx_word' id='word_1_466' title='bbox 1137 3395 1175 3448; x_wconf 92' lang='lat' dir='ltr'><strong>ait</strong></span> <span class='ocrx_word' id='word_1_467' title='bbox 1192 3392 1279 3462; x_wconf 89' lang='lat' dir='ltr'><strong>Plato,</strong></span> <span class='ocrx_word' id='word_1_468' title='bbox 1298 3395 1407 3450; x_wconf 88' lang='lat' dir='ltr'><strong>substat</strong></span> <span class='ocrx_word' id='word_1_469' title='bbox 1420 3394 1548 3450; x_wconf 91' lang='lat' dir='ltr'><strong>omnibus</strong></span> <span class='ocrx_word' id='word_1_470' title='bbox 1563 3393 1658 3450; x_wconf 87' lang='lat' dir='ltr'><strong>lormis</strong></span> <span class='ocrx_word' id='word_1_471' title='bbox 1678 3400 1733 3448; x_wconf 90' lang='lat' dir='ltr'><strong>tam</strong></span> <span class='ocrx_word' id='word_1_472' title='bbox 1750 3395 1878 3451; x_wconf 78' lang='lat' dir='ltr'><strong>substan-</strong></span> 
     </span>
    </p>
   </div>
   <div class='ocr_carea' id='block_1_29' title="bbox 258 3481 1884 3740">
    <p class='ocr_par' dir='ltr' id='par_1_29' title="bbox 258 3481 1884 3740">
     <span class='ocr_line' id='line_1_58' title="bbox 258 3481 1881 3558; baseline 0.002 -19"><span class='ocrx_word' id='word_1_473' title='bbox 258 3487 335 3540; x_wconf 89' lang='lat' dir='ltr'><strong>eolor</strong></span> <span class='ocrx_word' id='word_1_474' title='bbox 356 3494 383 3542; x_wconf 85' lang='lat' dir='ltr'><strong>et</strong></span> <span class='ocrx_word' id='word_1_475' title='bbox 400 3486 493 3542; x_wconf 86' lang='lat' dir='ltr'><strong>eadem</strong></span> <span class='ocrx_word' id='word_1_476' title='bbox 524 3489 626 3558; x_wconf 74' lang='lat' dir='ltr'><strong>ligura,</strong></span> <span class='ocrx_word' id='word_1_477' title='bbox 653 3496 680 3544; x_wconf 84' lang='lat' dir='ltr'><strong>et</strong></span> <span class='ocrx_word' id='word_1_478' title='bbox 701 3489 793 3545; x_wconf 88' lang='lat' dir='ltr'><strong>colore</strong></span> <span class='ocrx_word' id='word_1_479' title='bbox 812 3498 915 3545; x_wconf 86' lang='lat' dir='ltr'><strong>rnutato</strong></span> <span class='ocrx_word' id='word_1_480' title='bbox 935 3506 1046 3548; x_wconf 75' lang='lat' dir='ltr'><strong>manere</strong></span> <span class='ocrx_word' id='word_1_481' title='bbox 1095 3487 1206 3543; x_wconf 90' lang='lat' dir='ltr'><strong>tialibus</strong></span> <span class='ocrx_word' id='word_1_482' title='bbox 1222 3502 1303 3558; x_wconf 92' lang='lat' dir='ltr'><strong>quam</strong></span> <span class='ocrx_word' id='word_1_483' title='bbox 1316 3481 1541 3550; x_wconf 84' lang='lat' dir='ltr'><strong>accidentalibus,</strong></span> <span class='ocrx_word' id='word_1_484' title='bbox 1557 3502 1627 3558; x_wconf 81' lang='lat' dir='ltr'><strong>quae,</strong></span> <span class='ocrx_word' id='word_1_485' title='bbox 1643 3486 1807 3556; x_wconf 79' lang='lat' dir='ltr'><strong>quamvisin</strong></span> <span class='ocrx_word' id='word_1_486' title='bbox 1819 3496 1881 3542; x_wconf 88' lang='lat' dir='ltr'><strong>actu</strong></span> 
     </span>
     <span class='ocr_line' id='line_1_59' title="bbox 259 3577 1884 3652; baseline 0.001 -21"><span class='ocrx_word' id='word_1_487' title='bbox 259 3577 355 3632; x_wconf 85' lang='lat' dir='ltr'><strong>eadem</strong></span> <span class='ocrx_word' id='word_1_488' title='bbox 375 3577 460 3648; x_wconf 74' lang='lat' dir='ltr'><strong>ligura</strong></span> <span class='ocrx_word' id='word_1_489' title='bbox 473 3587 499 3633; x_wconf 91' lang='grc' dir='ltr'><strong>ει</strong></span> <span class='ocrx_word' id='word_1_490' title='bbox 517 3580 611 3634; x_wconf 90' lang='lat' dir='ltr'><strong>eadem</strong></span> <span class='ocrx_word' id='word_1_491' title='bbox 626 3581 795 3649; x_wconf 82' lang='lat' dir='ltr'><strong>magnitudo.</strong></span> <span class='ocrx_word' id='word_1_492' title='bbox 811 3591 837 3636; x_wconf 91' lang='lat' dir='ltr'><strong>et</strong></span> <span class='ocrx_word' id='word_1_493' title='bbox 853 3579 937 3651; x_wconf 78' lang='lat' dir='ltr'><strong>ligura</strong></span> <span class='ocrx_word' id='word_1_494' title='bbox 951 3581 1057 3652; x_wconf 31' lang='lat' dir='ltr'><strong>eadem,</strong></span> <span class='ocrx_word' id='word_1_495' title='bbox 1094 3595 1186 3635; x_wconf 85' lang='lat' dir='ltr'><strong>rerum</strong></span> <span class='ocrx_word' id='word_1_496' title='bbox 1205 3593 1346 3650; x_wconf 91' lang='lat' dir='ltr'><strong>nunquam</strong></span> <span class='ocrx_word' id='word_1_497' title='bbox 1361 3579 1420 3634; x_wconf 84' lang='lat' dir='ltr'><strong>sine</strong></span> <span class='ocrx_word' id='word_1_498' title='bbox 1431 3577 1528 3633; x_wconf 81' lang='lat' dir='ltr'><strong>formis</strong></span> <span class='ocrx_word' id='word_1_499' title='bbox 1542 3584 1569 3633; x_wconf 89' lang='lat' dir='ltr'><strong>et</strong></span> <span class='ocrx_word' id='word_1_500' title='bbox 1585 3577 1746 3646; x_wconf 88' lang='lat' dir='ltr'><strong>accidentiis</strong></span> <span class='ocrx_word' id='word_1_501' title='bbox 1760 3577 1884 3633; x_wconf 78' lang='lat' dir='ltr'><strong>invenia-</strong></span> 
     </span>
     <span class='ocr_line' id='line_1_60' title="bbox 258 3667 1880 3740; baseline -0.001 -17"><span class='ocrx_word' id='word_1_502' title='bbox 258 3683 315 3723; x_wconf 90' lang='lat' dir='ltr'><strong>non</strong></span> <span class='ocrx_word' id='word_1_503' title='bbox 331 3679 458 3724; x_wconf 88' lang='lat' dir='ltr'><strong>manente</strong></span> <span class='ocrx_word' id='word_1_504' title='bbox 480 3678 535 3723; x_wconf 88' lang='lat' dir='ltr'><strong>tarn</strong></span> <span class='ocrx_word' id='word_1_505' title='bbox 562 3687 689 3740; x_wconf 70' lang='lat' dir='ltr'><strong>ultraquam</strong></span> <span class='ocrx_word' id='word_1_506' title='bbox 710 3687 771 3728; x_wconf 85' lang='lat' dir='ltr'><strong>csse</strong></span> <span class='ocrx_word' id='word_1_507' title='bbox 795 3680 822 3727; x_wconf 93' lang='lat' dir='ltr'><strong>et</strong></span> <span class='ocrx_word' id='word_1_508' title='bbox 845 3671 1045 3728; x_wconf 84' lang='lat' dir='ltr'><strong>eodemmodo</strong></span> <span class='ocrx_word' id='word_1_509' title='bbox 1095 3679 1148 3733; x_wconf 88' lang='lat' dir='ltr'><strong>tur,</strong></span> <span class='ocrx_word' id='word_1_510' title='bbox 1165 3681 1253 3726; x_wconf 89' lang='lat' dir='ltr'><strong>tamen</strong></span> <span class='ocrx_word' id='word_1_511' title='bbox 1269 3670 1304 3724; x_wconf 91' lang='lat' dir='ltr'><strong>ad</strong></span> <span class='ocrx_word' id='word_1_512' title='bbox 1318 3668 1499 3726; x_wconf 90' lang='lat' dir='ltr'><strong>substantiam</strong></span> <span class='ocrx_word' id='word_1_513' title='bbox 1515 3669 1558 3724; x_wconf 92' lang='lat' dir='ltr'><strong>sui</strong></span> <span class='ocrx_word' id='word_1_514' title='bbox 1567 3669 1607 3724; x_wconf 90' lang='lat' dir='ltr'><strong>eis</strong></span> <span class='ocrx_word' id='word_1_515' title='bbox 1621 3683 1675 3723; x_wconf 91' lang='lat' dir='ltr'><strong>non</strong></span> <span class='ocrx_word' id='word_1_516' title='bbox 1686 3668 1798 3740; x_wconf 77' lang='lat' dir='ltr'><strong>indiget.</strong></span> <span class='ocrx_word' id='word_1_517' title='bbox 1813 3667 1880 3723; x_wconf 85' lang='lat' dir='ltr'><strong>llam</strong></span> 
     </span>
    </p>
   </div>
   <div class='ocr_carea' id='block_1_30' title="bbox 260 3762 1044 3834">
    <p class='ocr_par' dir='ltr' id='par_1_30' title="bbox 260 3762 1044 3834">
     <span class='ocr_line' id='line_1_61' title="bbox 260 3762 1044 3834; baseline 0.008 -20"><span class='ocrx_word' id='word_1_518' title='bbox 260 3762 420 3829; x_wconf 87' lang='lat' dir='ltr'><strong>coloratum,</strong></span> <span class='ocrx_word' id='word_1_519' title='bbox 429 3770 455 3817; x_wconf 88' lang='lat' dir='ltr'><strong>et</strong></span> <span class='ocrx_word' id='word_1_520' title='bbox 465 3778 634 3834; x_wconf 76' lang='lat' dir='ltr'><strong>quaecunque</strong></span> <span class='ocrx_word' id='word_1_521' title='bbox 646 3764 698 3818; x_wconf 92' lang='lat' dir='ltr'><strong>alia</strong></span> <span class='ocrx_word' id='word_1_522' title='bbox 712 3765 793 3819; x_wconf 85' lang='lat' dir='ltr'><strong>simul</strong></span> <span class='ocrx_word' id='word_1_523' title='bbox 805 3763 932 3820; x_wconf 90' lang='lat' dir='ltr'><strong>dicuntur</strong></span> <span class='ocrx_word' id='word_1_524' title='bbox 941 3765 975 3820; x_wconf 88' lang='lat' dir='ltr'><strong>de</strong></span> <span class='ocrx_word' id='word_1_525' title='bbox 983 3781 1044 3822; x_wconf 88' lang='lat' dir='ltr'><strong>cor·</strong></span> 
     </span>
    </p>
   </div>
   <div class='ocr_carea' id='block_1_31' title="bbox 259 3856 1046 3925">
    <p class='ocr_par' dir='ltr' id='par_1_31' title="bbox 259 3856 1046 3925">
     <span class='ocr_line' id='line_1_62' title="bbox 259 3856 1046 3925; baseline 0.004 -17"><span class='ocrx_word' id='word_1_526' title='bbox 259 3865 461 3925; x_wconf 82' lang='lat' dir='ltr'><strong>pore,possunt</strong></span> <span class='ocrx_word' id='word_1_527' title='bbox 474 3863 500 3910; x_wconf 87' lang='lat' dir='ltr'><strong>ct</strong></span> <span class='ocrx_word' id='word_1_528' title='bbox 515 3856 597 3910; x_wconf 89' lang='lat' dir='ltr'><strong>simul</strong></span> <span class='ocrx_word' id='word_1_529' title='bbox 611 3865 638 3910; x_wconf 91' lang='lat' dir='ltr'><strong>et</strong></span> <span class='ocrx_word' id='word_1_530' title='bbox 651 3856 727 3925; x_wconf 90' lang='lat' dir='ltr'><strong>plura</strong></span> <span class='ocrx_word' id='word_1_531' title='bbox 744 3856 804 3911; x_wconf 89' lang='lat' dir='ltr'><strong>sine</strong></span> <span class='ocrx_word' id='word_1_532' title='bbox 814 3858 1046 3912; x_wconf 85' lang='lat' dir='ltr'><strong>eaetcriscomrnu·</strong></span> 
     </span>
    </p>
   </div>
   <div class='ocr_carea' id='block_1_32' title="bbox 1095 3760 1880 3923">
    <p class='ocr_par' dir='ltr' id='par_1_32' title="bbox 1095 3760 1880 3923">
     <span class='ocr_line' id='line_1_63' title="bbox 1095 3760 1867 3835; baseline -0.009 -13"><span class='ocrx_word' id='word_1_533' title='bbox 1095 3780 1209 3835; x_wconf 87' lang='lat' dir='ltr'><strong>corpora</strong></span> <span class='ocrx_word' id='word_1_534' title='bbox 1222 3772 1249 3819; x_wconf 91' lang='lat' dir='ltr'><strong>et</strong></span> <span class='ocrx_word' id='word_1_535' title='bbox 1267 3763 1380 3833; x_wconf 89' lang='lat' dir='ltr'><strong>spiritus</strong></span> <span class='ocrx_word' id='word_1_536' title='bbox 1394 3777 1455 3818; x_wconf 89' lang='lat' dir='ltr'><strong>esse</strong></span> <span class='ocrx_word' id='word_1_537' title='bbox 1471 3767 1583 3832; x_wconf 90' lang='lat' dir='ltr'><strong>possent</strong></span> <span class='ocrx_word' id='word_1_538' title='bbox 1598 3761 1625 3815; x_wconf 89' lang='lat' dir='ltr'><strong>io</strong></span> <span class='ocrx_word' id='word_1_539' title='bbox 1640 3768 1738 3815; x_wconf 88' lang='lat' dir='ltr'><strong>natura</strong></span> <span class='ocrx_word' id='word_1_540' title='bbox 1752 3760 1867 3816; x_wconf 88' lang='lat' dir='ltr'><strong>substan</strong></span> 
     </span>
     <span class='ocr_line' id='line_1_64' title="bbox 1095 3851 1880 3923; baseline -0.005 -11"><span class='ocrx_word' id='word_1_541' title='bbox 1095 3859 1149 3920; x_wconf 76' lang='lat' dir='ltr'><strong>tta.</strong></span> <span class='ocrx_word' id='word_1_542' title='bbox 1165 3856 1273 3913; x_wconf 92' lang='lat' dir='ltr'><strong>etiamsi</strong></span> <span class='ocrx_word' id='word_1_543' title='bbox 1290 3855 1383 3911; x_wconf 79' lang='lat' dir='ltr'><strong>lormoe</strong></span> <span class='ocrx_word' id='word_1_544' title='bbox 1397 3865 1492 3909; x_wconf 91' lang='lat' dir='ltr'><strong>omnes</strong></span> <span class='ocrx_word' id='word_1_545' title='bbox 1512 3853 1547 3908; x_wconf 90' lang='lat' dir='ltr'><strong>ab</strong></span> <span class='ocrx_word' id='word_1_546' title='bbox 1570 3854 1610 3908; x_wconf 89' lang='lat' dir='ltr'><strong>eis</strong></span> <span class='ocrx_word' id='word_1_547' title='bbox 1623 3852 1794 3917; x_wconf 85' lang='lat' dir='ltr'><strong>recederent,</strong></span> <span class='ocrx_word' id='word_1_548' title='bbox 1808 3851 1880 3923; x_wconf 85' lang='lat' dir='ltr'><strong>quod</strong></span> 
     </span>
    </p>
   </div>
   <div class='ocr_carea' id='block_1_33' title="bbox 259 3946 1880 4028">
    <p class='ocr_par' dir='ltr' id='par_1_33' title="bbox 259 3946 1880 4028">
     <span class='ocr_line' id='line_1_65' title="bbox 259 3946 1880 4028; baseline 0.003 -29"><span class='ocrx_word' id='word_1_549' title='bbox 259 3946 322 4010; x_wconf 84' lang='lat' dir='ltr'><strong>tari,</strong></span> <span class='ocrx_word' id='word_1_550' title='bbox 351 3961 382 4000; x_wconf 87' lang='lat' dir='ltr'><strong>ar</strong></span> <span class='ocrx_word' id='word_1_551' title='bbox 400 3963 447 4016; x_wconf 88' lang='lat' dir='ltr'><strong>per</strong></span> <span class='ocrx_word' id='word_1_552' title='bbox 463 3947 514 4000; x_wconf 83' lang='lat' dir='ltr'><strong>lioc</strong></span> <span class='ocrx_word' id='word_1_553' title='bbox 531 3948 670 4017; x_wconf 81' lang='lat' dir='ltr'><strong>multiplex</strong></span> <span class='ocrx_word' id='word_1_554' title='bbox 686 3963 746 4003; x_wconf 88' lang='grc' dir='ltr'>εεεε</span> <span class='ocrx_word' id='word_1_555' title='bbox 761 3949 931 4003; x_wconf 87' lang='lat' dir='ltr'><strong>convincitur</strong></span> <span class='ocrx_word' id='word_1_556' title='bbox 946 3953 1045 4002; x_wconf 90' lang='lat' dir='ltr'><strong>natura</strong></span> <span class='ocrx_word' id='word_1_557' title='bbox 1094 3952 1218 4028; x_wconf 85' lang='lat' dir='ltr'><strong>quamvis</strong></span> <span class='ocrx_word' id='word_1_558' title='bbox 1238 3951 1265 4004; x_wconf 93' lang='lat' dir='ltr'><strong>in</strong></span> <span class='ocrx_word' id='word_1_559' title='bbox 1284 3947 1567 4017; x_wconf 82' lang='lat' dir='ltr'><strong>autununquamlleri</strong></span> <span class='ocrx_word' id='word_1_560' title='bbox 1583 3947 1785 4017; x_wconf 85' lang='lat' dir='ltr'><strong>possit,tamen</strong></span> <span class='ocrx_word' id='word_1_561' title='bbox 1801 3949 1880 4004; x_wconf 88' lang='lat' dir='ltr'><strong>intel·</strong></span> 
     </span>
    </p>
   </div>
   <div class='ocr_carea' id='block_1_34' title="bbox 259 4036 1044 4198">
    <p class='ocr_par' dir='ltr' id='par_1_34' title="bbox 259 4036 1044 4198">
     <span class='ocr_line' id='line_1_66' title="bbox 259 4036 830 4106; baseline 0.004 -17"><span class='ocrx_word' id='word_1_562' title='bbox 259 4036 395 4105; x_wconf 87' lang='lat' dir='ltr'><strong>eorporis,</strong></span> <span class='ocrx_word' id='word_1_563' title='bbox 409 4037 524 4106; x_wconf 78' lang='lat' dir='ltr'><strong>simplex</strong></span> <span class='ocrx_word' id='word_1_564' title='bbox 539 4045 630 4091; x_wconf 90' lang='lat' dir='ltr'><strong>autern</strong></span> <span class='ocrx_word' id='word_1_565' title='bbox 646 4037 722 4092; x_wconf 92' lang='lat' dir='ltr'><strong>nullo</strong></span> <span class='ocrx_word' id='word_1_566' title='bbox 738 4039 830 4093; x_wconf 94' lang='lat' dir='ltr'><strong>modo.</strong></span> 
     </span>
     <span class='ocr_line' id='line_1_67' title="bbox 294 4126 1044 4198; baseline 0 -19"><span class='ocrx_word' id='word_1_567' title='bbox 294 4126 391 4179; x_wconf 81' lang='lat' dir='ltr'><strong>Anima</strong></span> <span class='ocrx_word' id='word_1_568' title='bbox 407 4140 471 4179; x_wconf 85' lang='lat' dir='ltr'><strong>uero</strong></span> <span class='ocrx_word' id='word_1_569' title='bbox 488 4141 535 4194; x_wconf 89' lang='lat' dir='ltr'><strong>per</strong></span> <span class='ocrx_word' id='word_1_570' title='bbox 550 4141 579 4180; x_wconf 92' lang='grc' dir='ltr'><strong>εε</strong></span> <span class='ocrx_word' id='word_1_571' title='bbox 602 4127 784 4189; x_wconf 87' lang='lat' dir='ltr'><strong>considerata,</strong></span> <span class='ocrx_word' id='word_1_572' title='bbox 806 4129 869 4183; x_wconf 88' lang='lat' dir='ltr'><strong>lieet</strong></span> <span class='ocrx_word' id='word_1_573' title='bbox 891 4127 919 4181; x_wconf 85' lang='lat' dir='ltr'><strong>in</strong></span> <span class='ocrx_word' id='word_1_574' title='bbox 934 4143 1044 4198; x_wconf 83' lang='lat' dir='ltr'><strong>compa.-</strong></span> 
     </span>
    </p>
   </div>
   <div class='ocr_carea' id='block_1_35' title="bbox 259 4217 1045 4288">
    <p class='ocr_par' dir='ltr' id='par_1_35' title="bbox 259 4217 1045 4288">
     <span class='ocr_line' id='line_1_68' title="bbox 259 4217 1045 4288; baseline 0.005 -18"><span class='ocrx_word' id='word_1_575' title='bbox 259 4218 366 4271; x_wconf 88' lang='lat' dir='ltr'><strong>rationc</strong></span> <span class='ocrx_word' id='word_1_576' title='bbox 380 4218 504 4286; x_wconf 85' lang='lat' dir='ltr'><strong>corporis</strong></span> <span class='ocrx_word' id='word_1_577' title='bbox 520 4217 671 4286; x_wconf 87' lang='lat' dir='ltr'><strong>simplicior</strong></span> <span class='ocrx_word' id='word_1_578' title='bbox 685 4219 731 4284; x_wconf 89' lang='lat' dir='ltr'><strong>sit,</strong></span> <span class='ocrx_word' id='word_1_579' title='bbox 748 4229 837 4274; x_wconf 79' lang='lat' dir='ltr'><strong>tanuen</strong></span> <span class='ocrx_word' id='word_1_580' title='bbox 852 4227 879 4274; x_wconf 91' lang='lat' dir='ltr'><strong>et</strong></span> <span class='ocrx_word' id='word_1_581' title='bbox 895 4221 953 4288; x_wconf 94' lang='lat' dir='ltr'><strong>ipsa</strong></span> <span class='ocrx_word' id='word_1_582' title='bbox 973 4221 1045 4274; x_wconf 90' lang='lat' dir='ltr'><strong>mul-</strong></span> 
     </span>
    </p>
   </div>
   <div class='ocr_carea' id='block_1_36' title="bbox 259 4310 1044 4471">
    <p class='ocr_par' dir='ltr' id='par_1_36' title="bbox 259 4310 1044 4471">
     <span class='ocr_line' id='line_1_69' title="bbox 260 4310 1044 4380; baseline 0.006 -19"><span class='ocrx_word' id='word_1_583' title='bbox 260 4310 354 4379; x_wconf 86' lang='lat' dir='ltr'><strong>tiplex,</strong></span> <span class='ocrx_word' id='word_1_584' title='bbox 369 4325 424 4364; x_wconf 90' lang='lat' dir='ltr'><strong>non</strong></span> <span class='ocrx_word' id='word_1_585' title='bbox 439 4310 594 4364; x_wconf 89' lang='lat' dir='ltr'><strong>omnimode</strong></span> <span class='ocrx_word' id='word_1_586' title='bbox 613 4311 727 4380; x_wconf 85' lang='lat' dir='ltr'><strong>simplex</strong></span> <span class='ocrx_word' id='word_1_587' title='bbox 745 4323 795 4366; x_wconf 91' lang='lat' dir='ltr'><strong>est.</strong></span> <span class='ocrx_word' id='word_1_588' title='bbox 815 4311 883 4378; x_wconf 82' lang='lat' dir='ltr'><strong>Quia</strong></span> <span class='ocrx_word' id='word_1_589' title='bbox 901 4311 930 4365; x_wconf 92' lang='lat' dir='ltr'><strong>in</strong></span> <span class='ocrx_word' id='word_1_590' title='bbox 954 4312 1044 4367; x_wconf 86' lang='lat' dir='ltr'><strong>anima</strong></span> 
     </span>
     <span class='ocr_line' id='line_1_70' title="bbox 259 4402 1044 4471; baseline 0.009 -18"><span class='ocrx_word' id='word_1_591' title='bbox 259 4402 332 4456; x_wconf 90' lang='lat' dir='ltr'><strong>aliud</strong></span> <span class='ocrx_word' id='word_1_592' title='bbox 354 4409 396 4457; x_wconf 89' lang='lat' dir='ltr'><strong>est</strong></span> <span class='ocrx_word' id='word_1_593' title='bbox 420 4403 598 4457; x_wconf 86' lang='lat' dir='ltr'><strong>artilioiosum</strong></span> <span class='ocrx_word' id='word_1_594' title='bbox 624 4418 696 4469; x_wconf 88' lang='lat' dir='ltr'><strong>esse,</strong></span> <span class='ocrx_word' id='word_1_595' title='bbox 723 4404 795 4459; x_wconf 90' lang='lat' dir='ltr'><strong>aliud</strong></span> <span class='ocrx_word' id='word_1_596' title='bbox 823 4405 946 4471; x_wconf 87' lang='lat' dir='ltr'><strong>inertem,</strong></span> <span class='ocrx_word' id='word_1_597' title='bbox 970 4404 1044 4460; x_wconf 85' lang='lat' dir='ltr'><strong>aliud</strong></span> 
     </span>
    </p>
   </div>
   <div class='ocr_carea' id='block_1_37' title="bbox 259 4494 1044 4565">
    <p class='ocr_par' dir='ltr' id='par_1_37' title="bbox 259 4494 1044 4565">
     <span class='ocr_line' id='line_1_71' title="bbox 259 4494 1044 4565; baseline 0.005 -19"><span class='ocrx_word' id='word_1_598' title='bbox 259 4508 418 4561; x_wconf 86' lang='lat' dir='ltr'><strong>menmrem,</strong></span> <span class='ocrx_word' id='word_1_599' title='bbox 429 4495 503 4549; x_wconf 90' lang='lat' dir='ltr'><strong>alind</strong></span> <span class='ocrx_word' id='word_1_600' title='bbox 526 4494 672 4565; x_wconf 86' lang='lat' dir='ltr'><strong>cupiditas,</strong></span> <span class='ocrx_word' id='word_1_601' title='bbox 692 4496 764 4552; x_wconf 91' lang='lat' dir='ltr'><strong>aliud</strong></span> <span class='ocrx_word' id='word_1_602' title='bbox 779 4498 871 4561; x_wconf 90' lang='lat' dir='ltr'><strong>timor,</strong></span> <span class='ocrx_word' id='word_1_603' title='bbox 886 4498 961 4554; x_wconf 91' lang='lat' dir='ltr'><strong>aliud</strong></span> <span class='ocrx_word' id='word_1_604' title='bbox 975 4496 1044 4553; x_wconf 82' lang='lat' dir='ltr'><strong>tati-</strong></span> 
     </span>
    </p>
   </div>
   <div class='ocr_carea' id='block_1_38' title="bbox 1087 4037 1905 4568">
    <p class='ocr_par' dir='ltr' id='par_1_38' title="bbox 1087 4037 1905 4568">
     <span class='ocr_line' id='line_1_72' title="bbox 1094 4037 1905 4108; baseline -0.005 -14"><span class='ocrx_word' id='word_1_605' title='bbox 1094 4041 1182 4095; x_wconf 93' lang='lat' dir='ltr'><strong>lectus</strong></span> <span class='ocrx_word' id='word_1_606' title='bbox 1201 4055 1234 4095; x_wconf 90' lang='lat' dir='ltr'><strong>ea</strong></span> <span class='ocrx_word' id='word_1_607' title='bbox 1249 4040 1288 4094; x_wconf 89' lang='lat' dir='ltr'><strong>sic</strong></span> <span class='ocrx_word' id='word_1_608' title='bbox 1303 4037 1479 4093; x_wconf 87' lang='lat' dir='ltr'><strong>considerare</strong></span> <span class='ocrx_word' id='word_1_609' title='bbox 1492 4046 1591 4108; x_wconf 91' lang='lat' dir='ltr'><strong>potest.</strong></span> <span class='ocrx_word' id='word_1_610' title='bbox 1903 4101 1905 4104; x_wconf 22' lang='lat'>¹</span> 
     </span>
     <span class='ocr_line' id='line_1_73' title="bbox 1087 4120 1879 4201; baseline 0.006 -19"><span class='ocrx_word' id='word_1_611' title='bbox 1087 4179 1089 4182; x_wconf 86' lang='lat'>.</span> <span class='ocrx_word' id='word_1_612' title='bbox 1130 4131 1233 4185; x_wconf 69' lang='lat' dir='ltr'><strong>Dicitur</strong></span> <span class='ocrx_word' id='word_1_613' title='bbox 1247 4133 1328 4186; x_wconf 87' lang='lat' dir='ltr'><strong>ctiam</strong></span> <span class='ocrx_word' id='word_1_614' title='bbox 1343 4129 1497 4184; x_wconf 85' lang='lat' dir='ltr'><strong>substantia</strong></span> <span class='ocrx_word' id='word_1_615' title='bbox 1510 4146 1526 4184; x_wconf 93' lang='lat' dir='ltr'><strong>a</strong></span> <span class='ocrx_word' id='word_1_616' title='bbox 1544 4120 1709 4185; x_wconf 73' lang='lat' dir='ltr'><strong>sarmiento</strong></span> <span class='ocrx_word' id='word_1_617' title='bbox 1721 4130 1801 4201; x_wconf 88' lang='lat' dir='ltr'><strong>quasi</strong></span> <span class='ocrx_word' id='word_1_618' title='bbox 1814 4132 1879 4187; x_wconf 90' lang='lat' dir='ltr'><strong>sub·</strong></span> 
     </span>
     <span class='ocr_line' id='line_1_74' title="bbox 1095 4222 1879 4294; baseline 0.001 -15"><span class='ocrx_word' id='word_1_619' title='bbox 1095 4225 1231 4287; x_wconf 88' lang='lat' dir='ltr'><strong>sistentia,</strong></span> <span class='ocrx_word' id='word_1_620' title='bbox 1248 4224 1320 4294; x_wconf 94' lang='lat' dir='ltr'><strong>quod</strong></span> <span class='ocrx_word' id='word_1_621' title='bbox 1342 4223 1493 4279; x_wconf 86' lang='lat' dir='ltr'><strong>secundum</strong></span> <span class='ocrx_word' id='word_1_622' title='bbox 1518 4222 1632 4277; x_wconf 78' lang='lat' dir='ltr'><strong>[ormam</strong></span> <span class='ocrx_word' id='word_1_623' title='bbox 1657 4224 1879 4291; x_wconf 88' lang='lat' dir='ltr'><strong>substantialem,</strong></span> 
     </span>
     <span class='ocr_line' id='line_1_75' title="bbox 1093 4300 1880 4385; baseline 0.003 -17"><span class='ocrx_word' id='word_1_624' title='bbox 1093 4329 1154 4385; x_wconf 86' lang='lat' dir='ltr'><strong>quae</strong></span> <span class='ocrx_word' id='word_1_625' title='bbox 1168 4315 1196 4368; x_wconf 90' lang='grc' dir='ltr'><strong>ιιι</strong></span> <span class='ocrx_word' id='word_1_626' title='bbox 1210 4314 1322 4368; x_wconf 87' lang='lat' dir='ltr'><strong>materia</strong></span> <span class='ocrx_word' id='word_1_627' title='bbox 1338 4313 1475 4378; x_wconf 89' lang='lat' dir='ltr'><strong>subsistit,</strong></span> <span class='ocrx_word' id='word_1_628' title='bbox 1492 4300 1608 4380; x_wconf 80' lang='lat' dir='ltr'><strong>dicitur3</strong></span> <span class='ocrx_word' id='word_1_629' title='bbox 1625 4314 1688 4383; x_wconf 91' lang='lat' dir='ltr'><strong>quia</strong></span> <span class='ocrx_word' id='word_1_630' title='bbox 1701 4312 1806 4368; x_wconf 86' lang='lat' dir='ltr'><strong>lluxum</strong></span> <span class='ocrx_word' id='word_1_631' title='bbox 1822 4331 1880 4370; x_wconf 85' lang='lat' dir='ltr'><strong>tna-</strong></span> 
     </span>
     <span class='ocr_line' id='line_1_76' title="bbox 1093 4404 1879 4474; baseline 0.001 -15"><span class='ocrx_word' id='word_1_632' title='bbox 1093 4405 1172 4461; x_wconf 87' lang='lat' dir='ltr'><strong>teriei</strong></span> <span class='ocrx_word' id='word_1_633' title='bbox 1185 4405 1236 4461; x_wconf 92' lang='lat' dir='ltr'><strong>sub</strong></span> <span class='ocrx_word' id='word_1_634' title='bbox 1251 4420 1281 4459; x_wconf 92' lang='lat' dir='ltr'><strong>se</strong></span> <span class='ocrx_word' id='word_1_635' title='bbox 1296 4413 1369 4460; x_wconf 88' lang='lat' dir='ltr'><strong>stare</strong></span> <span class='ocrx_word' id='word_1_636' title='bbox 1386 4405 1460 4469; x_wconf 89' lang='lat' dir='ltr'><strong>lacit,</strong></span> <span class='ocrx_word' id='word_1_637' title='bbox 1477 4410 1506 4459; x_wconf 95' lang='lat' dir='ltr'><strong>ut</strong></span> <span class='ocrx_word' id='word_1_638' title='bbox 1522 4413 1565 4460; x_wconf 88' lang='lat' dir='ltr'><strong>est</strong></span> <span class='ocrx_word' id='word_1_639' title='bbox 1578 4404 1670 4474; x_wconf 83' lang='lat' dir='ltr'><strong>¹uidere</strong></span> <span class='ocrx_word' id='word_1_640' title='bbox 1683 4404 1710 4458; x_wconf 88' lang='lat' dir='ltr'><strong>in</strong></span> <span class='ocrx_word' id='word_1_641' title='bbox 1724 4406 1808 4460; x_wconf 87' lang='lat' dir='ltr'><strong>rebus</strong></span> <span class='ocrx_word' id='word_1_642' title='bbox 1823 4413 1879 4459; x_wconf 91' lang='lat' dir='ltr'><strong>tam</strong></span> 
     </span>
     <span class='ocr_line' id='line_1_77' title="bbox 1094 4495 1880 4568; baseline 0.001 -18"><span class='ocrx_word' id='word_1_643' title='bbox 1094 4497 1392 4568; x_wconf 78' lang='lat' dir='ltr'><strong>artificialiburqnam</strong></span> <span class='ocrx_word' id='word_1_644' title='bbox 1420 4496 1601 4551; x_wconf 90' lang='lat' dir='ltr'><strong>naturalibus.</strong></span> <span class='ocrx_word' id='word_1_645' title='bbox 1626 4495 1655 4550; x_wconf 90' lang='lat' dir='ltr'><strong>ln</strong></span> <span class='ocrx_word' id='word_1_646' title='bbox 1687 4496 1880 4551; x_wconf 84' lang='lat' dir='ltr'><strong>artificialibus</strong></span> 
     </span>
    </p>
   </div>
   <div class='ocr_carea' id='block_1_39' title="bbox 258 4584 1880 4751">
    <p class='ocr_par' dir='ltr' id='par_1_39' title="bbox 258 4584 1880 4751">
     <span class='ocr_line' id='line_1_78' title="bbox 258 4584 1880 4660; baseline 0.004 -23"><span class='ocrx_word' id='word_1_647' title='bbox 258 4584 308 4651; x_wconf 89' lang='lat' dir='ltr'><strong>tia,</strong></span> <span class='ocrx_word' id='word_1_648' title='bbox 324 4585 397 4641; x_wconf 89' lang='lat' dir='ltr'><strong>aliud</strong></span> <span class='ocrx_word' id='word_1_649' title='bbox 419 4585 540 4654; x_wconf 87' lang='lat' dir='ltr'><strong>tristitia,</strong></span> <span class='ocrx_word' id='word_1_650' title='bbox 563 4592 591 4641; x_wconf 92' lang='lat' dir='ltr'><strong>et</strong></span> <span class='ocrx_word' id='word_1_651' title='bbox 612 4587 667 4640; x_wconf 87' lang='lat' dir='ltr'><strong>alia</strong></span> <span class='ocrx_word' id='word_1_652' title='bbox 689 4587 798 4654; x_wconf 89' lang='lat' dir='ltr'><strong>similia,</strong></span> <span class='ocrx_word' id='word_1_653' title='bbox 813 4605 875 4660; x_wconf 81' lang='lat' dir='ltr'><strong>quaa</strong></span> <span class='ocrx_word' id='word_1_654' title='bbox 897 4589 926 4645; x_wconf 92' lang='lat' dir='ltr'><strong>in</strong></span> <span class='ocrx_word' id='word_1_655' title='bbox 946 4592 1044 4647; x_wconf 86' lang='lat' dir='ltr'><strong>animae</strong></span> <span class='ocrx_word' id='word_1_656' title='bbox 1094 4589 1144 4646; x_wconf 90' lang='lat' dir='ltr'><strong>sic.</strong></span> <span class='ocrx_word' id='word_1_657' title='bbox 1166 4588 1206 4643; x_wconf 90' lang='lat' dir='ltr'><strong>Sit</strong></span> <span class='ocrx_word' id='word_1_658' title='bbox 1223 4604 1336 4653; x_wconf 89' lang='lat' dir='ltr'><strong>aurum,</strong></span> <span class='ocrx_word' id='word_1_659' title='bbox 1353 4597 1379 4644; x_wconf 89' lang='lat' dir='ltr'><strong>et</strong></span> <span class='ocrx_word' id='word_1_660' title='bbox 1393 4591 1435 4650; x_wconf 86' lang='lat' dir='ltr'><strong>sit</strong></span> <span class='ocrx_word' id='word_1_661' title='bbox 1447 4588 1514 4643; x_wconf 92' lang='lat' dir='ltr'><strong>rudc</strong></span> <span class='ocrx_word' id='word_1_662' title='bbox 1531 4608 1537 4643; x_wconf 92' lang='lat'><strong>:</strong></span> <span class='ocrx_word' id='word_1_663' title='bbox 1554 4587 1642 4643; x_wconf 88' lang='lat' dir='ltr'><strong>llnxus</strong></span> <span class='ocrx_word' id='word_1_664' title='bbox 1663 4596 1704 4644; x_wconf 91' lang='lat' dir='ltr'><strong>cst</strong></span> <span class='ocrx_word' id='word_1_665' title='bbox 1722 4589 1836 4659; x_wconf 89' lang='lat' dir='ltr'><strong>quidam</strong></span> <span class='ocrx_word' id='word_1_666' title='bbox 1852 4589 1880 4644; x_wconf 91' lang='lat' dir='ltr'><strong>in</strong></span> 
     </span>
     <span class='ocr_line' id='line_1_79' title="bbox 258 4677 1879 4751; baseline 0.001 -21"><span class='ocrx_word' id='word_1_667' title='bbox 258 4687 356 4731; x_wconf 90' lang='lat' dir='ltr'><strong>natura</strong></span> <span class='ocrx_word' id='word_1_668' title='bbox 376 4677 492 4732; x_wconf 87' lang='lat' dir='ltr'><strong>inveniri</strong></span> <span class='ocrx_word' id='word_1_669' title='bbox 508 4684 633 4746; x_wconf 88' lang='lat' dir='ltr'><strong>possunt,</strong></span> <span class='ocrx_word' id='word_1_670' title='bbox 652 4678 827 4735; x_wconf 78' lang='lat' dir='ltr'><strong>manifestum</strong></span> <span class='ocrx_word' id='word_1_671' title='bbox 847 4689 959 4738; x_wconf 88' lang='lat' dir='ltr'><strong>estnon</strong></span> <span class='ocrx_word' id='word_1_672' title='bbox 979 4685 1043 4740; x_wconf 86' lang='lat' dir='ltr'><strong>sim·</strong></span> <span class='ocrx_word' id='word_1_673' title='bbox 1057 4693 1079 4748; x_wconf 82' lang='lat' dir='ltr'><strong>p</strong></span> <span class='ocrx_word' id='word_1_674' title='bbox 1093 4696 1146 4746; x_wconf 87' lang='lat' dir='ltr'><strong>eo,</strong></span> <span class='ocrx_word' id='word_1_675' title='bbox 1170 4682 1234 4751; x_wconf 92' lang='lat' dir='ltr'><strong>quia</strong></span> <span class='ocrx_word' id='word_1_676' title='bbox 1257 4681 1379 4751; x_wconf 84' lang='lat' dir='ltr'><strong>recipere</strong></span> <span class='ocrx_word' id='word_1_677' title='bbox 1411 4688 1501 4751; x_wconf 89' lang='lat' dir='ltr'><strong>potest</strong></span> <span class='ocrx_word' id='word_1_678' title='bbox 1523 4680 1672 4750; x_wconf 87' lang='lat' dir='ltr'><strong>quamlibet</strong></span> <span class='ocrx_word' id='word_1_679' title='bbox 1697 4679 1814 4734; x_wconf 81' lang='lat' dir='ltr'><strong>sormam</strong></span> <span class='ocrx_word' id='word_1_680' title='bbox 1838 4679 1879 4732; x_wconf 76' lang='lat' dir='ltr'><strong>uel</strong></span> 
     </span>
    </p>
   </div>
   <div class='ocr_carea' id='block_1_40' title="bbox 256 4769 1043 6036">
    <p class='ocr_par' dir='ltr' id='par_1_40' title="bbox 256 4769 1043 5306">
     <span class='ocr_line' id='line_1_80' title="bbox 258 4769 1042 4842; baseline 0.008 -18"><span class='ocrx_word' id='word_1_681' title='bbox 258 4772 369 4842; x_wconf 86' lang='lat' dir='ltr'><strong>plicem,</strong></span> <span class='ocrx_word' id='word_1_682' title='bbox 388 4769 436 4825; x_wconf 85' lang='lat' dir='ltr'><strong>sed</strong></span> <span class='ocrx_word' id='word_1_683' title='bbox 466 4769 643 4839; x_wconf 89' lang='lat' dir='ltr'><strong>multiplicem</strong></span> <span class='ocrx_word' id='word_1_684' title='bbox 665 4769 725 4839; x_wconf 87' lang='lat' dir='ltr'><strong>ejus</strong></span> <span class='ocrx_word' id='word_1_685' title='bbox 749 4787 810 4828; x_wconf 88' lang='lat' dir='ltr'><strong>esse</strong></span> <span class='ocrx_word' id='word_1_686' title='bbox 832 4781 968 4830; x_wconf 88' lang='lat' dir='ltr'><strong>naturam.</strong></span> <span class='ocrx_word' id='word_1_687' title='bbox 994 4773 1042 4836; x_wconf 86' lang='lat' dir='ltr'><strong>Dei</strong></span> 
     </span>
     <span class='ocr_line' id='line_1_81' title="bbox 257 4860 1043 4931; baseline 0.006 -14"><span class='ocrx_word' id='word_1_688' title='bbox 257 4869 434 4918; x_wconf 76' lang='lat' dir='ltr'><strong>coronatura</strong></span> <span class='ocrx_word' id='word_1_689' title='bbox 453 4860 565 4916; x_wconf 90' lang='lat' dir='ltr'><strong>omnino</strong></span> <span class='ocrx_word' id='word_1_690' title='bbox 583 4861 698 4931; x_wconf 83' lang='lat' dir='ltr'><strong>simplex</strong></span> <span class='ocrx_word' id='word_1_691' title='bbox 718 4872 771 4928; x_wconf 90' lang='lat' dir='ltr'><strong>est,</strong></span> <span class='ocrx_word' id='word_1_692' title='bbox 791 4867 901 4920; x_wconf 91' lang='lat' dir='ltr'><strong>omnino</strong></span> <span class='ocrx_word' id='word_1_693' title='bbox 915 4866 1043 4922; x_wconf 91' lang='lat' dir='ltr'><strong>immuta-</strong></span> 
     </span>
     <span class='ocr_line' id='line_1_82' title="bbox 258 4952 1041 5018; baseline 0.005 -10"><span class='ocrx_word' id='word_1_694' title='bbox 258 4954 332 5018; x_wconf 84' lang='lat' dir='ltr'><strong>bilis,</strong></span> <span class='ocrx_word' id='word_1_695' title='bbox 356 4952 468 5007; x_wconf 89' lang='lat' dir='ltr'><strong>omnino</strong></span> <span class='ocrx_word' id='word_1_696' title='bbox 487 4952 665 5018; x_wconf 76' lang='lat' dir='ltr'><strong>invariabilis,</strong></span> <span class='ocrx_word' id='word_1_697' title='bbox 692 4969 754 5010; x_wconf 85' lang='lat' dir='ltr'><strong>vere</strong></span> <span class='ocrx_word' id='word_1_698' title='bbox 777 4965 803 5010; x_wconf 92' lang='lat' dir='ltr'><strong>et</strong></span> <span class='ocrx_word' id='word_1_699' title='bbox 829 4971 934 5012; x_wconf 85' lang='lat' dir='ltr'><strong>surrrme</strong></span> <span class='ocrx_word' id='word_1_700' title='bbox 958 4974 1041 5013; x_wconf 90' lang='lat' dir='ltr'><strong>unum</strong></span> 
     </span>
     <span class='ocr_line' id='line_1_83' title="bbox 256 5045 1040 5115; baseline -0.001 -10"><span class='ocrx_word' id='word_1_701' title='bbox 256 5056 310 5105; x_wconf 86' lang='grc' dir='ltr'>εει.</span> <span class='ocrx_word' id='word_1_702' title='bbox 325 5045 404 5109; x_wconf 83' lang='lat' dir='ltr'><strong>Cum,</strong></span> <span class='ocrx_word' id='word_1_703' title='bbox 425 5048 548 5115; x_wconf 90' lang='lat' dir='ltr'><strong>inquam,</strong></span> <span class='ocrx_word' id='word_1_704' title='bbox 573 5055 671 5100; x_wconf 90' lang='lat' dir='ltr'><strong>natura</strong></span> <span class='ocrx_word' id='word_1_705' title='bbox 688 5047 806 5104; x_wconf 92' lang='lat' dir='ltr'><strong>hominis</strong></span> <span class='ocrx_word' id='word_1_706' title='bbox 824 5061 851 5104; x_wconf 92' lang='lat' dir='ltr'><strong>et</strong></span> <span class='ocrx_word' id='word_1_707' title='bbox 874 5059 972 5106; x_wconf 89' lang='lat' dir='ltr'><strong>natura</strong></span> <span class='ocrx_word' id='word_1_708' title='bbox 994 5050 1040 5107; x_wconf 85' lang='lat' dir='ltr'><strong>Dei</strong></span> 
     </span>
     <span class='ocr_line' id='line_1_84' title="bbox 258 5137 1043 5214; baseline 0.005 -20"><span class='ocrx_word' id='word_1_709' title='bbox 258 5140 295 5195; x_wconf 87' lang='lat' dir='ltr'><strong>ita</strong></span> <span class='ocrx_word' id='word_1_710' title='bbox 323 5139 359 5194; x_wconf 93' lang='lat' dir='ltr'><strong>ab</strong></span> <span class='ocrx_word' id='word_1_711' title='bbox 387 5137 503 5193; x_wconf 83' lang='lat' dir='ltr'><strong>inuicem</strong></span> <span class='ocrx_word' id='word_1_712' title='bbox 530 5137 671 5206; x_wconf 78' lang='lat' dir='ltr'><strong>differant,</strong></span> <span class='ocrx_word' id='word_1_713' title='bbox 702 5142 799 5195; x_wconf 88' lang='lat' dir='ltr'><strong>ruerito</strong></span> <span class='ocrx_word' id='word_1_714' title='bbox 824 5145 955 5210; x_wconf 79' lang='lat' dir='ltr'><strong>quaeritur</strong></span> <span class='ocrx_word' id='word_1_715' title='bbox 977 5159 1043 5214; x_wconf 90' lang='lat' dir='ltr'><strong>quo·</strong></span> 
     </span>
     <span class='ocr_line' id='line_1_85' title="bbox 257 5231 1041 5306; baseline 0.006 -17"><span class='ocrx_word' id='word_1_716' title='bbox 257 5235 338 5289; x_wconf 85' lang='lat' dir='ltr'><strong>inodo</strong></span> <span class='ocrx_word' id='word_1_717' title='bbox 353 5233 434 5287; x_wconf 92' lang='lat' dir='ltr'><strong>bomo</strong></span> <span class='ocrx_word' id='word_1_718' title='bbox 448 5246 518 5286; x_wconf 88' lang='lat' dir='ltr'><strong>unus</strong></span> <span class='ocrx_word' id='word_1_719' title='bbox 532 5231 644 5300; x_wconf 79' lang='lat' dir='ltr'><strong>spiritus</strong></span> <span class='ocrx_word' id='word_1_720' title='bbox 657 5248 717 5287; x_wconf 92' lang='lat' dir='ltr'><strong>cum</strong></span> <span class='ocrx_word' id='word_1_721' title='bbox 731 5232 785 5287; x_wconf 82' lang='lat' dir='ltr'><strong>beo</strong></span> <span class='ocrx_word' id='word_1_722' title='bbox 797 5251 858 5290; x_wconf 84' lang='lat' dir='ltr'><strong>csse</strong></span> <span class='ocrx_word' id='word_1_723' title='bbox 871 5238 965 5304; x_wconf 90' lang='lat' dir='ltr'><strong>possit,</strong></span> <span class='ocrx_word' id='word_1_724' title='bbox 977 5237 1041 5306; x_wconf 91' lang='lat' dir='ltr'><strong>quia</strong></span> 
     </span>
    </p>

    <p class='ocr_par' dir='ltr' id='par_1_41' title="bbox 259 5320 1040 5394">
     <span class='ocr_line' id='line_1_86' title="bbox 259 5320 1040 5394; baseline 0.004 -16"><span class='ocrx_word' id='word_1_725' title='bbox 259 5323 399 5394; x_wconf 84' lang='lat' dir='ltr'><strong>Scriptura</strong></span> <span class='ocrx_word' id='word_1_726' title='bbox 424 5322 477 5375; x_wconf 91' lang='lat' dir='ltr'><strong>boc</strong></span> <span class='ocrx_word' id='word_1_727' title='bbox 501 5320 567 5376; x_wconf 86' lang='lat' dir='ltr'><strong>dicit</strong></span> <span class='ocrx_word' id='word_1_728' title='bbox 587 5340 592 5374; x_wconf 91' lang='lat'>:</span> <span class='ocrx_word' id='word_1_729' title='bbox 616 5321 668 5388; x_wconf 84' lang='lat' dir='ltr'><strong>Qui</strong></span> <span class='ocrx_word' id='word_1_730' title='bbox 692 5321 803 5376; x_wconf 79' lang='lat' dir='ltr'><strong>Dorrtino</strong></span> <span class='ocrx_word' id='word_1_731' title='bbox 827 5323 954 5390; x_wconf 77' lang='lat' dir='ltr'><strong>adiiciet,</strong></span> <span class='ocrx_word' id='word_1_732' title='bbox 973 5344 1040 5382; x_wconf 79' lang='lat' dir='ltr'><strong>erres</strong></span> 
     </span>
    </p>

    <p class='ocr_par' dir='ltr' id='par_1_42' title="bbox 257 5411 627 5485">
     <span class='ocr_line' id='line_1_87' title="bbox 257 5411 627 5485; baseline -0.016 -14"><span class='ocrx_word' id='word_1_733' title='bbox 257 5416 367 5485; x_wconf 75' lang='lat' dir='ltr'><strong>spiritns</strong></span> <span class='ocrx_word' id='word_1_734' title='bbox 383 5416 442 5471; x_wconf 76' lang='lat' dir='ltr'><strong>cst?</strong></span> <span class='ocrx_word' id='word_1_735' title='bbox 459 5411 485 5484; x_wconf 78' lang='lat' dir='ltr'><strong>(l</strong></span> <span class='ocrx_word' id='word_1_736' title='bbox 499 5411 563 5469; x_wconf 89' lang='lat' dir='ltr'><strong>Cor.</strong></span> <span class='ocrx_word' id='word_1_737' title='bbox 578 5412 627 5481; x_wconf 84' lang='grc' dir='ltr'>ιι.)</span> 
     </span>
    </p>

    <p class='ocr_par' dir='ltr' id='par_1_43' title="bbox 257 5525 1039 5725">
     <span class='ocr_line' id='line_1_88' title="bbox 257 5525 1039 5596; baseline -0.001 -11"><span class='ocrx_word' id='word_1_738' title='bbox 257 5531 322 5588; x_wconf 80' lang='lat' dir='ltr'><strong>Car.</strong></span> <span class='ocrx_word' id='word_1_739' title='bbox 348 5525 457 5583; x_wconf 72' lang='lat' dir='ltr'>XXXV.</span> <span class='ocrx_word' id='word_1_740' title='bbox 475 5525 611 5593; x_wconf 81' lang='lat' dir='ltr'><strong>Qrtoreado</strong></span> <span class='ocrx_word' id='word_1_741' title='bbox 626 5525 704 5596; x_wconf 82' lang='lat' dir='ltr'><strong>plcre</strong></span> <span class='ocrx_word' id='word_1_742' title='bbox 726 5526 851 5581; x_wconf 82' lang='lat' dir='ltr'><strong>uocrtbulu</strong></span> <span class='ocrx_word' id='word_1_743' title='bbox 875 5529 901 5581; x_wconf 83' lang='lat' dir='ltr'><strong>m</strong></span> <span class='ocrx_word' id='word_1_744' title='bbox 927 5529 1039 5584; x_wconf 85' lang='lat' dir='ltr'><strong>lrorrtr&#39;m&#39;a</strong></span> 
     </span>
     <span class='ocr_line' id='line_1_89' title="bbox 293 5598 1039 5671; baseline 0 -17"><span class='ocrx_word' id='word_1_745' title='bbox 293 5612 391 5654; x_wconf 81' lang='lat' dir='ltr'><strong>notura</strong></span> <span class='ocrx_word' id='word_1_746' title='bbox 406 5599 635 5667; x_wconf 80' lang='lat' dir='ltr'><strong>artuitipit&#39;cr&#39;totem,</strong></span> <span class='ocrx_word' id='word_1_747' title='bbox 647 5613 697 5650; x_wconf 84' lang='lat' dir='ltr'><strong>riou</strong></span> <span class='ocrx_word' id='word_1_748' title='bbox 711 5598 772 5650; x_wconf 83' lang='grc' dir='ltr'>ιιειιι</span> <span class='ocrx_word' id='word_1_749' title='bbox 787 5599 813 5651; x_wconf 81' lang='lat' dir='ltr'><strong>ia</strong></span> <span class='ocrx_word' id='word_1_750' title='bbox 835 5599 923 5653; x_wconf 80' lang='lat' dir='ltr'><strong>diuina</strong></span> <span class='ocrx_word' id='word_1_751' title='bbox 938 5601 1039 5671; x_wconf 69' lang='lat' dir='ltr'><strong>ripem-</strong></span> 
     </span>
     <span class='ocr_line' id='line_1_90' title="bbox 293 5672 374 5725; baseline 0 0"><span class='ocrx_word' id='word_1_752' title='bbox 293 5672 374 5725; x_wconf 70' lang='lat' dir='ltr'><strong>cent?</strong></span> 
     </span>
    </p>

    <p class='ocr_par' dir='ltr' id='par_1_44' title="bbox 258 5778 1038 6036">
     <span class='ocr_line' id='line_1_91' title="bbox 294 5778 1038 5854; baseline 0.012 -25"><span class='ocrx_word' id='word_1_753' title='bbox 294 5778 442 5852; x_wconf 77' lang='lat' dir='ltr'><strong>Antequam</strong></span> <span class='ocrx_word' id='word_1_754' title='bbox 459 5781 528 5834; x_wconf 84' lang='lat' dir='ltr'><strong>lianc</strong></span> <span class='ocrx_word' id='word_1_755' title='bbox 539 5783 713 5850; x_wconf 72' lang='lat' dir='ltr'><strong>questionem</strong></span> <span class='ocrx_word' id='word_1_756' title='bbox 723 5782 837 5844; x_wconf 83' lang='lat' dir='ltr'><strong>solvam,</strong></span> <span class='ocrx_word' id='word_1_757' title='bbox 851 5781 943 5847; x_wconf 89' lang='lat' dir='ltr'><strong>aliam,</strong></span> <span class='ocrx_word' id='word_1_758' title='bbox 958 5799 1038 5854; x_wconf 90' lang='lat' dir='ltr'><strong>quam</strong></span> 
     </span>
     <span class='ocr_line' id='line_1_92' title="bbox 258 5867 1038 5941; baseline 0.009 -20"><span class='ocrx_word' id='word_1_759' title='bbox 258 5867 303 5922; x_wconf 84' lang='lat' dir='ltr'><strong>itta</strong></span> <span class='ocrx_word' id='word_1_760' title='bbox 316 5877 367 5936; x_wconf 85' lang='grc' dir='ltr'>εει,</span> <span class='ocrx_word' id='word_1_761' title='bbox 379 5887 487 5941; x_wconf 90' lang='lat' dir='ltr'><strong>ponam,</strong></span> <span class='ocrx_word' id='word_1_762' title='bbox 501 5882 529 5926; x_wconf 91' lang='lat' dir='ltr'><strong>ut</strong></span> <span class='ocrx_word' id='word_1_763' title='bbox 547 5872 603 5927; x_wconf 76' lang='lat' dir='ltr'><strong>baec</strong></span> <span class='ocrx_word' id='word_1_764' title='bbox 614 5872 703 5928; x_wconf 87' lang='lat' dir='ltr'><strong>soluta</strong></span> <span class='ocrx_word' id='word_1_765' title='bbox 719 5873 792 5928; x_wconf 84' lang='lat' dir='ltr'><strong>illius</strong></span> <span class='ocrx_word' id='word_1_766' title='bbox 807 5875 968 5928; x_wconf 88' lang='lat' dir='ltr'><strong>sententiam</strong></span> <span class='ocrx_word' id='word_1_767' title='bbox 984 5889 1038 5928; x_wconf 91' lang='lat' dir='ltr'><strong>non</strong></span> 
     </span>
     <span class='ocr_line' id='line_1_93' title="bbox 258 5960 1038 6036; baseline 0.009 -21"><span class='ocrx_word' id='word_1_768' title='bbox 258 5960 396 6030; x_wconf 82' lang='lat' dir='ltr'><strong>intpediat.</strong></span> <span class='ocrx_word' id='word_1_769' title='bbox 425 5964 490 6029; x_wconf 78' lang='lat' dir='ltr'><strong>Quae</strong></span> <span class='ocrx_word' id='word_1_770' title='bbox 518 5973 559 6019; x_wconf 87' lang='lat' dir='ltr'><strong>cst</strong></span> <span class='ocrx_word' id='word_1_771' title='bbox 584 5978 648 6035; x_wconf 73' lang='lat' dir='ltr'><strong>crgo</strong></span> <span class='ocrx_word' id='word_1_772' title='bbox 674 5964 724 6019; x_wconf 89' lang='lat' dir='ltr'><strong>ista</strong></span> <span class='ocrx_word' id='word_1_773' title='bbox 745 5965 875 6036; x_wconf 71' lang='lat' dir='ltr'><strong>quaestio?</strong></span> <span class='ocrx_word' id='word_1_774' title='bbox 899 5965 1038 6030; x_wconf 76' lang='lat' dir='ltr'><strong>Quomodo</strong></span> 
     </span>
    </p>
   </div>
   <div class='ocr_carea' id='block_1_41' title="bbox 1091 4766 1902 6034">
    <p class='ocr_par' dir='ltr' id='par_1_45' title="bbox 1092 4766 1902 5466">
     <span class='ocr_line' id='line_1_94' title="bbox 1093 4766 1878 4838; baseline -0.004 -15"><span class='ocrx_word' id='word_1_775' title='bbox 1093 4770 1218 4835; x_wconf 78' lang='lat' dir='ltr'><strong>Achillis,</strong></span> <span class='ocrx_word' id='word_1_776' title='bbox 1230 4772 1272 4824; x_wconf 82' lang='lat' dir='ltr'><strong>uel</strong></span> <span class='ocrx_word' id='word_1_777' title='bbox 1291 4768 1400 4825; x_wconf 83' lang='lat' dir='ltr'><strong>Leonis.</strong></span> <span class='ocrx_word' id='word_1_778' title='bbox 1418 4769 1447 4823; x_wconf 82' lang='lat' dir='ltr'><strong>st</strong></span> <span class='ocrx_word' id='word_1_779' title='bbox 1463 4770 1634 4838; x_wconf 89' lang='lat' dir='ltr'><strong>insculpatur</strong></span> <span class='ocrx_word' id='word_1_780' title='bbox 1649 4766 1734 4823; x_wconf 86' lang='lat' dir='ltr'><strong>lorrna</strong></span> <span class='ocrx_word' id='word_1_781' title='bbox 1747 4767 1878 4834; x_wconf 79' lang='lat' dir='ltr'><strong>bebillis,</strong></span> 
     </span>
     <span class='ocr_line' id='line_1_95' title="bbox 1094 4854 1879 4926; baseline -0.011 -9"><span class='ocrx_word' id='word_1_782' title='bbox 1094 4861 1200 4917; x_wconf 90' lang='lat' dir='ltr'><strong>sistitur</strong></span> <span class='ocrx_word' id='word_1_783' title='bbox 1214 4860 1259 4914; x_wconf 90' lang='lat' dir='ltr'><strong>illa</strong></span> <span class='ocrx_word' id='word_1_784' title='bbox 1280 4859 1392 4914; x_wconf 88' lang='lat' dir='ltr'><strong>ruateria</strong></span> <span class='ocrx_word' id='word_1_785' title='bbox 1407 4874 1422 4913; x_wconf 89' lang='lat' dir='ltr'><strong>a</strong></span> <span class='ocrx_word' id='word_1_786' title='bbox 1438 4872 1489 4912; x_wconf 90' lang='lat' dir='ltr'><strong>suo</strong></span> <span class='ocrx_word' id='word_1_787' title='bbox 1504 4858 1595 4921; x_wconf 82' lang='lat' dir='ltr'><strong>llunu;</strong></span> <span class='ocrx_word' id='word_1_788' title='bbox 1611 4858 1675 4926; x_wconf 92' lang='lat' dir='ltr'><strong>qnia</strong></span> <span class='ocrx_word' id='word_1_789' title='bbox 1692 4854 1800 4909; x_wconf 90' lang='lat' dir='ltr'><strong>interim</strong></span> <span class='ocrx_word' id='word_1_790' title='bbox 1813 4854 1879 4909; x_wconf 81' lang='lat' dir='ltr'><strong>dura</strong></span> 
     </span>
     <span class='ocr_line' id='line_1_96' title="bbox 1093 4944 1879 5016; baseline -0.005 -11"><span class='ocrx_word' id='word_1_791' title='bbox 1093 4954 1209 5006; x_wconf 76' lang='lat' dir='ltr'><strong>loturam</strong></span> <span class='ocrx_word' id='word_1_792' title='bbox 1230 4952 1304 5005; x_wconf 86' lang='lat' dir='ltr'><strong>illam</strong></span> <span class='ocrx_word' id='word_1_793' title='bbox 1328 4950 1420 5016; x_wconf 87' lang='lat' dir='ltr'><strong>babet,</strong></span> <span class='ocrx_word' id='word_1_794' title='bbox 1448 4950 1527 5004; x_wconf 92' lang='lat' dir='ltr'><strong>aliam</strong></span> <span class='ocrx_word' id='word_1_795' title='bbox 1553 4950 1580 5002; x_wconf 93' lang='lat' dir='ltr'><strong>in</strong></span> <span class='ocrx_word' id='word_1_796' title='bbox 1604 4963 1633 5003; x_wconf 87' lang='lat' dir='ltr'><strong>se</strong></span> <span class='ocrx_word' id='word_1_797' title='bbox 1651 4962 1704 5001; x_wconf 91' lang='lat' dir='ltr'><strong>non</strong></span> <span class='ocrx_word' id='word_1_798' title='bbox 1718 4944 1827 5016; x_wconf 89' lang='lat' dir='ltr'><strong>recipit.</strong></span> <span class='ocrx_word' id='word_1_799' title='bbox 1848 4945 1879 5002; x_wconf 80' lang='lat' dir='ltr'><strong>ln</strong></span> 
     </span>
     <span class='ocr_line' id='line_1_97' title="bbox 1094 5036 1902 5114; baseline -0.006 -18"><span class='ocrx_word' id='word_1_800' title='bbox 1094 5043 1264 5099; x_wconf 87' lang='lat' dir='ltr'><strong>naturalibus</strong></span> <span class='ocrx_word' id='word_1_801' title='bbox 1286 5047 1394 5114; x_wconf 82' lang='lat' dir='ltr'><strong>quoquc</strong></span> <span class='ocrx_word' id='word_1_802' title='bbox 1419 5042 1463 5096; x_wconf 89' lang='lat' dir='ltr'><strong>illc</strong></span> <span class='ocrx_word' id='word_1_803' title='bbox 1487 5039 1673 5111; x_wconf 89' lang='lat' dir='ltr'><strong>primordialis</strong></span> <span class='ocrx_word' id='word_1_804' title='bbox 1687 5036 1779 5094; x_wconf 82' lang='lat' dir='ltr'><strong>buxus</strong></span> <span class='ocrx_word' id='word_1_805' title='bbox 1798 5039 1902 5093; x_wconf 82' lang='lat' dir='ltr'><strong>sisti·&#39;</strong></span> 
     </span>
     <span class='ocr_line' id='line_1_98' title="bbox 1093 5129 1879 5199; baseline -0.008 -11"><span class='ocrx_word' id='word_1_806' title='bbox 1093 5144 1149 5198; x_wconf 89' lang='lat' dir='ltr'><strong>tur,</strong></span> <span class='ocrx_word' id='word_1_807' title='bbox 1165 5135 1229 5189; x_wconf 90' lang='lat' dir='ltr'><strong>dum</strong></span> <span class='ocrx_word' id='word_1_808' title='bbox 1241 5135 1266 5191; x_wconf 91' lang='lat' dir='ltr'><strong>ei</strong></span> <span class='ocrx_word' id='word_1_809' title='bbox 1288 5150 1303 5188; x_wconf 91' lang='lat' dir='ltr'><strong>a</strong></span> <span class='ocrx_word' id='word_1_810' title='bbox 1322 5144 1420 5189; x_wconf 89' lang='lat' dir='ltr'><strong>natura</strong></span> <span class='ocrx_word' id='word_1_811' title='bbox 1440 5132 1501 5186; x_wconf 88' lang='lat' dir='ltr'><strong>talis</strong></span> <span class='ocrx_word' id='word_1_812' title='bbox 1515 5135 1601 5185; x_wconf 83' lang='lat' dir='ltr'><strong>torma</strong></span> <span class='ocrx_word' id='word_1_813' title='bbox 1616 5129 1790 5199; x_wconf 88' lang='lat' dir='ltr'><strong>imprimitur,</strong></span> <span class='ocrx_word' id='word_1_814' title='bbox 1802 5129 1879 5184; x_wconf 86' lang='lat' dir='ltr'><strong>scili·</strong></span> 
     </span>
     <span class='ocr_line' id='line_1_99' title="bbox 1093 5221 1878 5292; baseline -0.006 -12"><span class='ocrx_word' id='word_1_815' title='bbox 1093 5237 1135 5280; x_wconf 88' lang='lat' dir='ltr'><strong>cet</strong></span> <span class='ocrx_word' id='word_1_816' title='bbox 1160 5226 1325 5290; x_wconf 87' lang='lat' dir='ltr'><strong>humanitas,</strong></span> <span class='ocrx_word' id='word_1_817' title='bbox 1349 5227 1386 5281; x_wconf 84' lang='lat' dir='ltr'><strong>ita</strong></span> <span class='ocrx_word' id='word_1_818' title='bbox 1407 5233 1437 5280; x_wconf 91' lang='lat' dir='ltr'><strong>ut</strong></span> <span class='ocrx_word' id='word_1_819' title='bbox 1458 5223 1607 5280; x_wconf 87' lang='lat' dir='ltr'><strong>seeundum</strong></span> <span class='ocrx_word' id='word_1_820' title='bbox 1630 5221 1753 5276; x_wconf 89' lang='lat' dir='ltr'><strong>earndem</strong></span> <span class='ocrx_word' id='word_1_821' title='bbox 1771 5228 1878 5292; x_wconf 79' lang='lat' dir='ltr'><strong>portent</strong></span> 
     </span>
     <span class='ocr_line' id='line_1_100' title="bbox 1093 5313 1880 5388; baseline -0.001 -19"><span class='ocrx_word' id='word_1_822' title='bbox 1093 5332 1147 5370; x_wconf 85' lang='lat' dir='ltr'><strong>rum</strong></span> <span class='ocrx_word' id='word_1_823' title='bbox 1161 5318 1246 5386; x_wconf 89' lang='lat' dir='ltr'><strong>possit</strong></span> <span class='ocrx_word' id='word_1_824' title='bbox 1260 5320 1380 5388; x_wconf 85' lang='lat' dir='ltr'><strong>recipere</strong></span> <span class='ocrx_word' id='word_1_825' title='bbox 1394 5317 1508 5371; x_wconf 89' lang='lat' dir='ltr'><strong>lormam</strong></span> <span class='ocrx_word' id='word_1_826' title='bbox 1523 5314 1591 5370; x_wconf 87' lang='lat' dir='ltr'><strong>asini</strong></span> <span class='ocrx_word' id='word_1_827' title='bbox 1608 5315 1647 5368; x_wconf 87' lang='lat' dir='ltr'><strong>rel</strong></span> <span class='ocrx_word' id='word_1_828' title='bbox 1661 5313 1775 5369; x_wconf 91' lang='lat' dir='ltr'><strong>alterius</strong></span> <span class='ocrx_word' id='word_1_829' title='bbox 1787 5313 1880 5382; x_wconf 78' lang='lat' dir='ltr'><strong>eujus·</strong></span> 
     </span>
     <span class='ocr_line' id='line_1_101' title="bbox 1092 5408 1223 5466; baseline 0.023 -4"><span class='ocrx_word' id='word_1_830' title='bbox 1092 5408 1154 5466; x_wconf 82' lang='lat' dir='ltr'><strong>libet</strong></span> <span class='ocrx_word' id='word_1_831' title='bbox 1175 5411 1223 5465; x_wconf 83' lang='lat' dir='ltr'><strong>rei.</strong></span> 
     </span>
    </p>

    <p class='ocr_par' dir='ltr' id='par_1_46' title="bbox 1091 5498 1880 6034">
     <span class='ocr_line' id='line_1_102' title="bbox 1126 5498 1878 5570; baseline -0.003 -16"><span class='ocrx_word' id='word_1_832' title='bbox 1126 5501 1232 5556; x_wconf 83' lang='lat' dir='ltr'><strong>llicitnr</strong></span> <span class='ocrx_word' id='word_1_833' title='bbox 1240 5505 1322 5558; x_wconf 89' lang='lat' dir='ltr'><strong>ctiam</strong></span> <span class='ocrx_word' id='word_1_834' title='bbox 1334 5503 1486 5560; x_wconf 89' lang='lat' dir='ltr'><strong>substantia</strong></span> <span class='ocrx_word' id='word_1_835' title='bbox 1499 5502 1533 5555; x_wconf 92' lang='lat' dir='ltr'><strong>ab</strong></span> <span class='ocrx_word' id='word_1_836' title='bbox 1544 5509 1660 5570; x_wconf 89' lang='lat' dir='ltr'><strong>utroque</strong></span> <span class='ocrx_word' id='word_1_837' title='bbox 1667 5507 1693 5554; x_wconf 93' lang='lat' dir='ltr'><strong>et</strong></span> <span class='ocrx_word' id='word_1_838' title='bbox 1704 5515 1719 5553; x_wconf 91' lang='lat' dir='ltr'><strong>a</strong></span> <span class='ocrx_word' id='word_1_839' title='bbox 1730 5498 1878 5553; x_wconf 75' lang='lat' dir='ltr'><strong>substando</strong></span> 
     </span>
     <span class='ocr_line' id='line_1_103' title="bbox 1091 5593 1878 5664; baseline -0.003 -16"><span class='ocrx_word' id='word_1_840' title='bbox 1091 5602 1118 5649; x_wconf 92' lang='lat' dir='ltr'><strong>et</strong></span> <span class='ocrx_word' id='word_1_841' title='bbox 1137 5611 1152 5648; x_wconf 91' lang='lat' dir='ltr'><strong>a</strong></span> <span class='ocrx_word' id='word_1_842' title='bbox 1173 5595 1347 5657; x_wconf 76' lang='lat' dir='ltr'><strong>subsistendo,</strong></span> <span class='ocrx_word' id='word_1_843' title='bbox 1370 5596 1474 5651; x_wconf 82' lang='lat' dir='ltr'><strong>seilicet</strong></span> <span class='ocrx_word' id='word_1_844' title='bbox 1490 5610 1549 5664; x_wconf 76' lang='lat' dir='ltr'><strong>quae</strong></span> <span class='ocrx_word' id='word_1_845' title='bbox 1568 5593 1695 5649; x_wconf 90' lang='lat' dir='ltr'><strong>consistit</strong></span> <span class='ocrx_word' id='word_1_846' title='bbox 1712 5608 1745 5647; x_wconf 81' lang='lat' dir='ltr'><strong>ex</strong></span> <span class='ocrx_word' id='word_1_847' title='bbox 1761 5594 1878 5648; x_wconf 82' lang='lat' dir='ltr'><strong>materia</strong></span> 
     </span>
     <span class='ocr_line' id='line_1_104' title="bbox 1091 5685 1880 5757; baseline 0 -16"><span class='ocrx_word' id='word_1_848' title='bbox 1091 5696 1117 5742; x_wconf 90' lang='grc' dir='ltr'><strong>ει</strong></span> <span class='ocrx_word' id='word_1_849' title='bbox 1133 5687 1229 5752; x_wconf 89' lang='lat' dir='ltr'><strong>lorma,</strong></span> <span class='ocrx_word' id='word_1_850' title='bbox 1242 5689 1391 5757; x_wconf 87' lang='lat' dir='ltr'><strong>utquilibet</strong></span> <span class='ocrx_word' id='word_1_851' title='bbox 1401 5687 1493 5754; x_wconf 78' lang='lat' dir='ltr'><strong>bunio,</strong></span> <span class='ocrx_word' id='word_1_852' title='bbox 1503 5687 1574 5741; x_wconf 90' lang='lat' dir='ltr'><strong>sicut</strong></span> <span class='ocrx_word' id='word_1_853' title='bbox 1583 5685 1736 5740; x_wconf 77' lang='lat' dir='ltr'><strong>Aristotelis</strong></span> <span class='ocrx_word' id='word_1_854' title='bbox 1749 5685 1880 5741; x_wconf 81' lang='lat' dir='ltr'><strong>snbstan-</strong></span> 
     </span>
     <span class='ocr_line' id='line_1_105' title="bbox 1091 5777 1880 5849; baseline 0 -17"><span class='ocrx_word' id='word_1_855' title='bbox 1091 5787 1128 5833; x_wconf 89' lang='lat' dir='ltr'><strong>tr&#39;a</strong></span> <span class='ocrx_word' id='word_1_856' title='bbox 1140 5787 1181 5835; x_wconf 89' lang='lat' dir='ltr'><strong>cst</strong></span> <span class='ocrx_word' id='word_1_857' title='bbox 1193 5794 1208 5833; x_wconf 93' lang='lat' dir='ltr'><strong>a</strong></span> <span class='ocrx_word' id='word_1_858' title='bbox 1225 5778 1380 5843; x_wconf 76' lang='lat' dir='ltr'><strong>substando,</strong></span> <span class='ocrx_word' id='word_1_859' title='bbox 1394 5780 1458 5849; x_wconf 92' lang='lat' dir='ltr'><strong>quia</strong></span> <span class='ocrx_word' id='word_1_860' title='bbox 1472 5780 1577 5834; x_wconf 84' lang='lat' dir='ltr'><strong>substat</strong></span> <span class='ocrx_word' id='word_1_861' title='bbox 1595 5778 1689 5832; x_wconf 86' lang='lat' dir='ltr'><strong>lormis</strong></span> <span class='ocrx_word' id='word_1_862' title='bbox 1704 5777 1880 5832; x_wconf 86' lang='lat' dir='ltr'><strong>substantia·</strong></span> 
     </span>
     <span class='ocr_line' id='line_1_106' title="bbox 1091 5868 1878 5942; baseline -0.005 -17"><span class='ocrx_word' id='word_1_863' title='bbox 1091 5872 1164 5927; x_wconf 88' lang='lat' dir='ltr'><strong>libus</strong></span> <span class='ocrx_word' id='word_1_864' title='bbox 1187 5880 1213 5926; x_wconf 90' lang='lat' dir='ltr'><strong>et</strong></span> <span class='ocrx_word' id='word_1_865' title='bbox 1236 5870 1470 5938; x_wconf 58' lang='lat' dir='ltr'><strong>accidentalium</strong></span> <span class='ocrx_word' id='word_1_866' title='bbox 1486 5879 1513 5925; x_wconf 90' lang='lat' dir='ltr'><strong>et</strong></span> <span class='ocrx_word' id='word_1_867' title='bbox 1541 5869 1693 5925; x_wconf 85' lang='lat' dir='ltr'><strong>substantia</strong></span> <span class='ocrx_word' id='word_1_868' title='bbox 1716 5878 1758 5942; x_wconf 88' lang='grc' dir='ltr'><strong>εει</strong></span> <span class='ocrx_word' id='word_1_869' title='bbox 1778 5880 1793 5922; x_wconf 78' lang='lat' dir='ltr'><strong>a</strong></span> <span class='ocrx_word' id='word_1_870' title='bbox 1812 5868 1878 5922; x_wconf 76' lang='lat' dir='ltr'><strong>sub·-</strong></span> 
     </span>
     <span class='ocr_line' id='line_1_107' title="bbox 1091 5957 1877 6034; baseline -0.004 -17"><span class='ocrx_word' id='word_1_871' title='bbox 1091 5962 1215 6029; x_wconf 76' lang='lat' dir='ltr'><strong>sistendo,</strong></span> <span class='ocrx_word' id='word_1_872' title='bbox 1232 5963 1296 6033; x_wconf 91' lang='lat' dir='ltr'><strong>quia</strong></span> <span class='ocrx_word' id='word_1_873' title='bbox 1310 5961 1509 6034; x_wconf 87' lang='lat' dir='ltr'><strong>quodammodo</strong></span> <span class='ocrx_word' id='word_1_874' title='bbox 1521 5961 1657 6028; x_wconf 89' lang='lat' dir='ltr'><strong>subsistit,</strong></span> <span class='ocrx_word' id='word_1_875' title='bbox 1674 5960 1701 6016; x_wconf 92' lang='lat' dir='ltr'><strong>id</strong></span> <span class='ocrx_word' id='word_1_876' title='bbox 1716 5965 1758 6016; x_wconf 80' lang='grc' dir='ltr'><strong>εει</strong></span> <span class='ocrx_word' id='word_1_877' title='bbox 1772 5957 1877 6014; x_wconf 73' lang='lat' dir='ltr'><strong>bunun</strong></span> 
     </span>
    </p>
   </div>
   <div class='ocr_carea' id='block_1_42' title="bbox 0 0 2180 6709">
    <p class='ocr_par' dir='ltr' id='par_1_47' title="bbox 0 0 2180 6709">
     <span class='ocr_line' id='line_1_108' title="bbox 0 0 2180 6709; baseline 0 0"><span class='ocrx_word' id='word_1_878' title='bbox 0 0 2180 6709; x_wconf 95' lang='lat' dir='ltr'><strong> </strong></span> 
     </span>
    </p>
   </div>
  </div>
 </body>
</html>
