4350 6709
336 585 387 640 9l'l
568 597 572 602 ’
954 584 1113 642 tuentur
1133 583 1270 641 smonm
1289 585 1347 641 Xll.
1902 593 1958 650 918

337 711 399 758 eant
413 712 459 758 aut
471 702 562 773 basin.
577 699 646 756 ilinc
659 701 788 757 Nicotaus
808 715 876 772 papa
890 701 1037 758 llincmaro
1049 700 1122 758 Rhe-
1136 711 1160 768 Α
1174 700 1265 757 lacere
1276 717 1331 756 non
1343 699 1502 767 sufiiciunt;
1516 703 1636 772 sapiunt,
1655 704 1678 759 si
1704 714 1826 759 nostram
1843 713 1958 761 senten-

338 808 445 849 morum
457 792 679 864 archiepiscopo:
693 792 768 846 llala
782 793 941 849 cousuetudo
956 810 1007 848 aaa
1021 795 1119 860 minus,
1173 793 1239 847 liam
1254 792 1389 862 recipiunt
1396 792 1409 858 ';
1428 791 1491 862 quia
1516 793 1561 863 qui
1593 793 1696 864 aliquid
1720 795 1862 864 reliquerit
1878 806 1957 851 extra

338 901 417 954 guam
442 885 590 952 perniciosa
608 889 758 954 corruptela
782 883 891 940 stranea
909 894 963 948 est:
988 902 1047 957 qua
1069 887 1121 941 uisi
1173 884 1326 948 veritatem,
1341 883 1410 937 nihil
1425 882 1532 938 invenit
1547 884 1601 940 nisi
1617 883 1776 942 salsitatem.

338 977 419 1031 eitius
432 974 557 1030 radicitus
572 977 707 1039 euellatur,
722 978 749 1031 in
763 979 954 1049 privilegiorum
962 977 1122 1049 juramalis
1208 971 1282 1028 Diac-
1299 970 1479 1028 Vehementer
1499 974 1639 1042 assenli0;
1668 990 1719 1030 nec
1746 991 1867 1045 unquam
1896 976 1957 1032 ine·

339 1066 502 1131 assumitur:
532 1074 557 1120 et
586 1066 713 1135 incipiunt
742 1069 972 1137 prevaricationes
995 1079 1020 1122 et
1042 1067 1122 1121 uarie
1173 1066 1210 1132 rit
1223 1065 1293 1129 dies,
1317 1078 1377 1134 quae
1392 1080 1435 1120 me
1453 1064 1487 1119 ab
1507 1064 1589 1136 hujus
1612 1067 1753 1123 sententiae
1777 1069 1892 1125 veritate
1912 1085 1956 1125 re·

338 1153 551 1225 praesumpiones,
566 1158 699 1213 celerrime
717 1174 769 1212 narr
788 1174 942 1227 compresse
963 1159 1061 1229 legihsu
1080 1176 1123 1214 ue·
1173 1156 1265 1227 pellat.

339 1249 439 1312 aerari,
454 1258 479 1303 et
489 1249 687 1319 privilegiorum
698 1265 769 1304 more
782 1260 905 1320 perpetuo
917 1251 1054 1308 celebrari.
1185 1295 1188 1301 .
1207 1246 1280 1319 Mag.
1298 1246 1360 1303 Non
1372 1248 1457 1313 nohis,
1472 1247 1593 1313 minine,
1604 1265 1656 1303 uos
1671 1249 1765 1318 nobis,
1783 1249 1828 1304 sed
1854 1251 1958 1305 nomini

375 1339 425 1396 llis
440 1341 524 1411 igitur
538 1347 565 1395 et
583 1339 865 1399 aliisauctoritatibus
878 1338 952 1411 ireti,
965 1351 1123 1399 constanter
1174 1347 1218 1393 tua
1231 1339 1267 1393 da
1280 1339 1392 1410 gloriam
1408 1338 1495 1409 (Psal.
1511 1337 1601 1409 crint).
1617 1338 1679 1394 llaec
1694 1354 1749 1396 non
1773 1346 1803 1394 ut
1822 1340 1958 1396 adversa·

340 1431 501 1495 asserimus,
514 1433 741 1489 cousuetudinem
767 1434 967 1490 monachorum
995 1434 1060 1506 (qus
1075 1451 1123 1492 ex·
1173 1428 1234 1492 riis,
1249 1426 1297 1483 aed
1312 1435 1342 1482 ut
1355 1426 1649 1499 amicis'scripsimus3
1666 1444 1716 1484 nee
1739 1429 1839 1485 invecti
1858 1446 1957 1487 snmus

340 1541 418 1602 repta
429 1530 604 1599 reparatione
620 1531 719 1585 virium
732 1540 795 1601 post
804 1546 912 1603 gravem
922 1531 1121 1603 aegritudinem,
1173 1519 1202 1575 5¹¹
1212 1535 1271 1587 0⁰⁸·
1285 1520 1332 1591 qui
1344 1524 1371 1576 5¹¹
1386 1521 1667 1592 ⁰⁰¹¹l⁸⁵¹5⁰¹¹0⁸³bl¹¹ae
1680 1521 1956 1594 113ιῑθῑὶὓιῑιιῑῑθῐὲιῐι·

340 1619 393 1674 sibi
405 1619 547 1688 indulgent
571 1634 650 1674 esum
675 1619 822 1689 cujuslibet
844 1622 936 1677 earnis
950 1622 991 1677 rel
1010 1623 1121 1692 saginae,
1172 1620 1214 1668 ter
1228 1612 1418 1684 deliqueram
1435 1614 1529 1670 sedne
1544 1614 1712 1684 delinquant,
1728 1628 1882 1671 monemus·
1899 1614 1956 1671 Nee

340 1709 414 1779 quod
428 1724 510 1778 pene
535 1724 619 1764 unum
634 1716 662 1764 et
679 1708 751 1764 idem
765 1710 818 1781 est)
840 1719 868 1767 et
893 1711 946 1783 legi
964 1720 991 1767 et
1009 1712 1121 1778 rationi,
1173 1707 1200 1763 in
1216 1708 1278 1764 illos
1289 1715 1407 1772 tantum,
1429 1705 1475 1764 sed
1490 1705 1556 1762 etin
1572 1722 1624 1763 nos
1640 1706 1715 1778 ipsos
1740 1707 1827 1763 severi
1845 1707 1955 1777 iudices

341 1803 473 1871 exemplis
496 1818 605 1873 quoque
638 1803 893 1874 antiquissimorum
923 1804 1035 1862 Parrum
1061 1823 1123 1864 esse
1173 1799 1287 1858 inimus.
1302 1801 1480 1870 uolentesque
1493 1798 1624 1855 lestncam
1635 1798 1669 1853 rie
1683 1799 1763 1853 oculo
1776 1799 1892 1855 alterins
1903 1799 1955 1855 tol-

258 1933 263 1941 .
341 1894 523 1958 marsanam,
541 1902 568 1949 es
591 1893 651 1951 roeo
668 1893 738 1950 tatee
748 1894 861 1964 justine
888 1899 1074 1955 resecandam.
1093 1898 1123 1954 si
1173 1893 1240 1958 tere,
1252 1902 1376 1950 nostram
1391 1892 1468 1964 rrius
1482 1891 1738 1961 ereheneiecimue·
1752 1889 1895 1947 Neminem
1911 1893 1956 1948 ele

342 1994 431 2042 antem
448 1987 497 2050 itu,
509 1989 555 2058 qun
567 1989 704 2044 massaria
718 1989 834 2047 ausono
849 2000 878 2048 et
896 2003 990 2062 egunt.
1010 1994 1124 2049 veriori·
1173 1985 1278 2055 signata
1299 1992 1523 2056 persensimus
1540 1998 1631 2039 sermo
1653 1983 1781 2053 pulsavit.
1812 1982 1957 2040 Generalis

342 2078 394 2134 bus
404 2086 431 2135 et
441 2079 704 2150 praepollentioribus
730 2082 903 2139 documentis
918 2099 950 2139 es
965 2085 1046 2140 pesse
1059 2101 1122 2155 pos.
1139 2071 1158 2126 ll
1173 2075 1381 2146 luitdispntatio
1395 2076 1429 2131 de
1442 2076 1509 2131 vitio
1519 2076 1580 2130 boc.
1594 2072 1647 2129 Sed
1657 2073 1704 2144 arri
1716 2073 1781 2127 mihi
1795 2072 1877 2128 irasci
1895 2074 1958 2144 (ro-

342 2177 406 2225 snnt
415 2170 566 2239 approbare
577 2168 659 2240 (quod
673 2186 730 2228 non
742 2172 958 2244 credimusiquar
970 2188 1020 2228 nos
1029 2173 1124 2231 illicita
1173 2167 1283 2238 luerint)
1300 2182 1349 2236 pro
1363 2166 1575 2238 reprehensione
1586 2165 1744 2234 eorumqui
1760 2164 1821 2220 sani
1830 2165 1956 2236 saginam

278 2246 282 2252 ’
342 2277 403 2317 esse
419 2261 650 2330 ntonstrnrinrus;
665 2279 773 2334 aequum
787 2275 879 2332 esset,
896 2264 1061 2322 sirectiora
1074 2265 1125 2321 do·
1173 2269 1340 2330 presumunt
1351 2275 1402 2330 illo
1414 2275 1447 2316 ee
1459 2258 1532 2331 qued
1555 2256 1611 2314 ellel
1634 2257 1757 2312 cameles
1774 2255 1841 2329 (18).
1857 2256 1957 2326 ipsias

342 2355 478 2420 centibus,
494 2354 647 2411 salubriora
659 2356 804 2426 agentibus
825 2366 853 2414 et
876 2356 1000 2412 auditum
1028 2363 1057 2412 et
1078 2371 1110 2412 as
1172 2350 1299 2421 perdunt.

257 2429 259 2437 ’
343 2459 454 2499 missum
469 2444 617 2507 ellicaciter
632 2446 921 2503 accommodaremus·
931 2449 1000 2515 Quia
1013 2465 1078 2504 vero
1095 2449 1122 2504 to

791 2589 906 2658 Explteit
921 2591 1049 2662 Dialogus
1061 2591 1143 2646 bouus
1154 2606 1199 2661 per
1210 2611 1304 2651 manus
1319 2593 1433 2666 Georgii,
1450 2604 1502 2650 ete.

378 2742 434 2811 (⁸8)
449 2741 568 2812 Uterque
582 2742 614 2799 C.
624 2748 777 2817 priusquam
790 2747 844 2801 sint
857 2748 960 2802 carnal.

349 2938 1952 2974 mmm

775 3117 1033 3247 nunus
1081 3117 1513 3254 resonans
1630 3157 1631 3161 ψ

517 3368 592 3458 ΒΕ
627 3369 911 3464 tovnnrb
947 3373 1023 3462 ET
1059 3375 1355 3467 tnrnntrtt
1392 3377 1778 3469 lnrtennlsm

860 3565 897 3625 ln
924 3581 1020 3629 scena
1046 3566 1164 3629 suenio
1191 3586 1239 3629 ιιι
1264 3565 1439 3631 exhibitus.

446 3730 489 3802 (b.
506 3731 585 3788 Bern.
601 3729 709 3798 Psaros,
725 3730 852 3786 Theseus.
868 3730 1006 3799 esacrae,
1023 3742 1087 3790 tom.
1100 3729 1133 3797 ll,
1149 3740 1225 3802 parte
1241 3748 1270 3796 n,
1284 3733 1337 3787 col.
1354 3731 1414 3800 l85,
1428 3747 1461 3787 er
1477 3734 1538 3790 eorl.
1555 3751 1606 3793 ms.
1623 3736 1844 3811 Tegernseensi.)

1123 3915 1158 3930 d

989 4060 1299 4157 mentuunt.

378 4403 407 4461 ln
418 4405 491 4460 notis
505 4402 541 4458 ari
551 4417 612 4472 cap.
625 4401 665 4457 23*
675 4401 744 4459 Vitae
757 4403 921 4460 venerabilis
935 4405 1097 4479 wilburgis,
1113 4421 1162 4462 seu
1175 4404 1329 4476 wilbirgis,
1350 4404 1475 4469 reclusae,
1491 4420 1564 4461 anno
1583 4403 1652 4459 ille
1667 4412 1797 4473 angustas
1824 4404 1952 4462 Vindeli-

341 4491 436 4534 corum
454 4473 563 4529 anobis
575 4474 602 4527 in
615 4472 645 4530 ι’
659 4474 748 4539 edite,
764 4474 937 4546 ubiquaaam
961 4488 1037 4534 nocte
1053 4477 1198 4532 Dosrriuieoe
1227 4476 1438 4538 resurrectionis,
1453 4492 1512 4530 cum
1536 4477 1564 4530 in
1587 4475 1745 4529 monasteria
1761 4473 1955 4551 [Florianmsi]
1974 4481 1978 4490 '

341 4546 431 4608 batim
447 4544 587 4600 Paschalis
597 4555 652 4600 taus
667 4562 684 4600 a
702 4546 771 4600 clero
782 4562 862 4616 auam
876 4551 1000 4616 opopulo
1012 4560 1144 4620 ageretur,
1157 4547 1220 4618 quia
1234 4546 1317 4600 eidem
1328 4563 1379 4600 seon
1396 4548 1482 4615 patuit
1499 4545 1674 4617 corporaliter
1696 4545 1833 4614 interesse,
1854 4547 1958 4602 elicitur

341 4619 418 4690 virgo
432 4616 536 4675 Christi
550 4616 656 4684 caepisse
669 4615 820 4672 desiderare
834 4627 862 4671 ut
873 4618 899 4671 ei
910 4617 1039 4675 bantinus
1054 4620 1171 4689 aliquam
1191 4617 1312 4687 specialis
1334 4615 1522 4672 consolationis
1542 4616 1658 4688 gratiam
1676 4630 1721 4684 per
1757 4618 1957 4672 resurrectionis

341 4705 397 4744 sua
410 4686 510 4760 gaudia
522 4685 675 4758 largiretur,
688 4686 895 4743 observavimus
910 4690 996 4746 videri
1013 4690 1087 4745 bunc
1107 4687 1211 4757 bullum
1225 4687 1310 4743 luisse
1324 4686 1408 4742 veluti
1422 4687 1585 4743 theatralem
1605 4684 1751 4756 qnamdam
1772 4694 1956 4758 repraesenta-

340 4760 453 4821 tionem,
484 4772 517 4811 na
529 4756 633 4812 Christi
644 4757 813 4829 resurgentis
835 4758 922 4827 gloria
945 4761 980 4815 ad
1004 4761 1131 4816 ciendam
1146 4757 1265 4812 bdelium
1290 4757 1461 4813 devotionem
1477 4758 1520 4829 pie
1544 4756 1730 4818 exhiberetur.
1755 4757 1796 4810 uti
1819 4757 1886 4812 hodi
1923 4772 1957 4813 ne

341 4829 444 4886 Christi
510 4828 590 4884 ivilas
600 4835 628 4884 et
640 4826 736 4885 Passio
751 4829 867 4884 dirersis
883 4828 979 4900 liguris
995 4839 1022 4886 et
1033 4830 1125 4887 scenis
1141 4830 1169 4884 in
1180 4843 1236 4884 non
1250 4829 1345 4899 paucis
1362 4827 1563 4884 catholicorum
1579 4828 1649 4884 loeis
1664 4826 1699 4882 ob
1718 4825 1839 4882 tltlelinm
1858 4836 1911 4884 oen
1925 4842 1956 4883 os

341 4899 522 4954 reducuntur.
535 4896 590 4953 Seri
604 4898 677 4970 quod
692 4906 757 4955 tunc
771 4899 874 4968 opinati
885 4907 913 4954 et
927 4901 1060 4971 suspicati
1074 4907 1181 4954 tantum
1197 4898 1309 4963 luimus,
1326 4898 1391 4954 visis
1415 4906 1511 4968 postea
1531 4906 1558 4954 et
1586 4894 1702 4969 repertis
1723 4897 1860 4965 eiusmodi
1886 4896 1958 4952 Pas·

314 4983 322 4994 ’
341 4968 456 5023 ebalium
466 4968 599 5042 bullarum
610 4969 734 5039 pluribus
748 4969 891 5038 exemplis,
904 4972 1087 5027 certissimum
1102 4984 1164 5026 esse
1178 4968 1372 5038 comperimus.
1389 4965 1508 5037 insignis
1519 4968 1547 5022 in
1561 4967 1604 5022 his
1614 4974 1657 5023 cst
1667 4965 1757 5020 laam
1773 4965 1918 5022 Pascbala‘s
1929 4967 1957 5021 in

341 5039 436 5095 coelice
446 5038 770 5111 claustroneoburgensis
783 5039 906 5094 canoniae
916 5041 1127 5112 quingentorum
1141 5053 1296 5104 annornm,
1320 5038 1348 5093 in
1361 5053 1416 5108 quo
1435 5039 1648 5094 resurrectionis
1670 5036 1819 5093 Dominicse
1840 5037 1958 5093 historia

341 5110 507 5181 pereleganti
520 5124 552 5165 ae
563 5111 609 5179 pio
624 5110 747 5166 dramate
757 5109 928 5179 proponitur.
943 5109 1042 5181 lncipit
1057 5113 1086 5165 in
1101 5111 1175 5165 hunc
1187 5109 1299 5164 modom
1317 5107 1430 5163 :Primo
1441 5106 1716 5177 producaturPilatus
1731 5123 1792 5161 eum
1818 5122 1959 5176 sapesso-

339 5180 402 5235 rt'o:
420 5199 430 5232 ι
447 5180 586 5253 Ingressus
599 5179 716 5236 Pilatus.
731 5198 741 5232 s
759 5178 794 5233 Et
806 5179 895 5234 uacat
906 5183 933 5234 in
947 5182 1033 5236 locum
1044 5182 1097 5235 sihi
1110 5179 1376 5249 praeeterminatum.
1393 5177 1459 5235 Post
1473 5180 1575 5234 hae...
1597 5179 1733 5249 pontifices
1754 5187 1887 5232 cantant:
1906 5195 1917 5229 s
1936 5176 1958 5233 0

339 5248 462 5318 Domine,
474 5259 542 5307 reate
555 5251 733 5317 merainimus,
744 5249 814 5320 guod
826 5267 843 5305 a
858 5251 936 5305 turba
948 5268 1017 5323 sepe
1026 5250 1185 5317 audirimus,
1196 5249 1357 5303 seductorem
1370 5248 1635 5304 consuetumdieere:
1656 5267 1665 5300 ι
1683 5245 1747 5302 Post
1761 5256 1813 5302 tres
1827 5247 1885 5303 dies
1899 5247 1959 5302 sala

340 5335 484 5392 resurgere.
504 5344 513 5375 s
531 5321 580 5377 lies
598 5320 675 5375 audet
698 5320 803 5379 Pilatus
820 5337 854 5374 :r
871 5319 946 5375 Sient
961 5321 1025 5377 mihi
1038 5321 1122 5374 dietat
1134 5320 1268 5386 diseretio,
1286 5337 1296 5370 s
1312 5326 1367 5375 otc.
1394 5318 1422 5375 ln
1439 5319 1515 5377 line:
1547 5317 1581 5372 Et
1606 5317 1717 5390 papulus
1736 5318 1875 5372 aniversae
1897 5318 1959 5386 iam

339 5393 501 5462 certificatus
517 5394 549 5447 ile
595 5391 692 5457 emina,
708 5399 801 5446 cautor
815 5393 853 5446 sie
863 5392 992 5460 imponit:
1011 5409 1025 5442 ι
1039 5390 1129 5447 Christ
1143 5391 1194 5446 lies
1204 5391 1238 5445 ist
1253 5391 1410 5455 erstanden,
1429 5411 1438 5442 s
1457 5399 1511 5448 etc.
1535 5387 1591 5445 Nee
1603 5393 1691 5444 solum
1704 5388 1731 5442 in
1746 5388 1834 5443 sacris
1845 5387 1960 5443 hissee·

255 5517 258 5525 ,
340 5462 385 5517 nis
400 5465 528 5534 mysteria
542 5463 690 5534 passionis,
720 5462 945 5525 resurrectionis,
960 5470 1027 5530 ete,
1049 5462 1153 5517 Christi
1177 5461 1283 5517 llomini
1311 5462 1588 5531 repraesentabantur,
1618 5458 1667 5514 sed
1692 5458 1773 5513 etiam
1790 5472 1878 5513 sacrae
1899 5458 1959 5512 alie

340 5531 474 5596 historiae,
490 5549 608 5605 quarum
619 5542 715 5588 ‘tannen
726 5533 851 5603 epilogus
880 5533 1023 5603 lernmque
1038 5532 1140 5588 Christi
1152 5531 1346 5602 triumphantis
1360 5531 1474 5602 gloriam
1502 5530 1659 5608 spectabat..
1673 5525 1790 5608 illustre.
1807 5526 1892 5592 huius
1919 5527 1958 5583 rei

339 5605 495 5686 exemplum
508 5606 558 5661 iste
574 5605 632 5675 ipsc
646 5603 737 5659 Ludus
753 5549 894 5658 Paselraxs
909 5604 941 5657 de
955 5603 1066 5658 aduentu
1079 5613 1104 5657 et
1115 5603 1223 5657 interitu
1240 5601 1407 5662 Antichristi,
1424 5615 1505 5671 quem
1519 5617 1553 5656 ex
1568 5599 1660 5655 saeculr
1675 5613 1713 5652 ru
1729 5598 1825 5653 codice
1839 5596 1959 5670 Tegean·

340 5686 432 5728 seensr
450 5674 612 5738 omittimus,
626 5675 738 5745 prebet,
752 5689 787 5728 er
799 5689 855 5744 qno
868 5683 1000 5743 praeterea
1014 5673 1147 5729 discimus
1159 5672 1316 5744 germinarit
1330 5670 1527 5726 Germanorum
1545 5679 1572 5726 et
1587 5668 1755 5725 Francorum
1767 5665 1802 5723 de
1813 5664 1959 5723 Romano·

341 5758 402 5796 rum
419 5745 595 5814 imperatoris
606 5752 742 5815 potestate
756 5759 789 5798 ae
801 5744 981 5814 amplitudine
995 5745 1141 5807 sententia,
1157 5750 1187 5796 nl
1198 5743 1250 5797 alia
1266 5744 1345 5812 plura
1364 5749 1421 5796 tum
1441 5741 1576 5811 majorum
1594 5746 1751 5796 nostrorum
1763 5751 1889 5804 socnam,
1901 5745 1959 5792 tum

341 5813 500 5882 opinionem
512 5816 546 5872 tle
558 5816 641 5871 niodo
656 5814 788 5871 adventus
800 5816 963 5884 spectantia,
980 5829 1041 5884 qna
1055 5830 1088 5869 es
1103 5813 1155 5868 hoe
1166 5819 1343 5867 monuruento
1353 5810 1415 5866 elici
1429 5817 1555 5882 possunt,
1567 5818 1716 5865 taceamus.
1742 5807 1773 5862 m
1789 5808 1960 5890 perlibenter

343 5879 446 5938 Ludunt
463 5884 622 5942 Paselraleut
632 5885 980 5957 claustroneoburgensem
996 5884 1228 5953 adiurruissenrus,
1243 5883 1296 5938 nisi
1308 5895 1402 5953 preces
1423 5890 1450 5938 cl
1465 5882 1573 5949 litterae,
1587 5881 1622 5936 -in
1636 5880 1735 5952 quibus
1760 5878 1875 5951 aliquan
1897 5876 1960 5951 eins

342 5955 528 6024 apographum
541 5968 640 6028 tnngno
655 5957 746 6013 studio
763 5954 968 6025 requisivimus,
981 5955 1065 6008 irrita}
1076 5954 1203 6011 luissent.
1920 5962 1923 5968 '
