4350 6709
289 580 339 643 ιιι
820 564 953 644 stonum
972 579 1218 643 sucronensis
1236 548 1387 641 remcort
1839 568 1899 632 sta

287 699 374 758 sionis
389 702 496 758 ὓιιιιιιιί
511 701 811 775 evangeliumlegitur:
826 702 974 758 &iteratis
985 701 1068 757 oculis
1081 710 1104 764 Α
1118 716 1233 771 corpore
1255 708 1282 756 ιι
1302 701 1392 755 aniana
1412 691 1494 754 simul
1517 695 1667 758 obtineant,
1691 699 1898 762 propterquam

285 798 312 848 ir
328 793 421 848 culum
431 794 501 847 dixit
513 792 591 850 letus
602 809 611 848 :
623 794 714 855 Pater,
729 796 796 850 uruit
808 796 884 862 horu,
899 806 923 850 ιι
936 812 1004 850 nunc
1016 805 1065 860 est,
1118 793 1234 848 Alleluia
1247 793 1411 862 duplicatur,
1428 792 1468 845 rel
1483 790 1546 861 quia
1562 795 1677 841 mortem
1699 793 1856 851 eraserunt,
1870 794 1899 839 ιι

284 885 404 954 clarifico
420 883 445 937 F
446 884 525 940 illum
539 896 613 941 tuum
637 900 665 942 ut
683 887 770 942 Filius
781 897 841 944 tuus
855 889 983 957 clarificet
995 898 1018 942 te
1032 889 1065 941 ⁹¹.
1119 901 1193 954 spero
1209 885 1270 939 vitas
1284 885 1384 940 habere
1397 890 1564 947 meruerunt,
1581 879 1622 934 rel
1639 887 1748 948 proplct·
1761 877 1899 932 actionem

283 978 363 1043 Quod
376 993 449 1032 nunc
464 977 525 1034 ideo
539 979 656 1049 legitur,
673 982 737 1052 quia
759 981 831 1052 quoti
849 997 979 1050 passurus
1002 995 1066 1036 ora·
1117 988 1142 1030 0¹
1159 976 1430 1046 contemplationem,
1455 975 1496 1029 l⁰¹
1514 979 1623 1044 propter
1639 970 1768 1042 Samium
1797 969 1900 1039 limidi·

283 1069 332 1134 rit,
349 1070 509 1139 hominihus
530 1071 650 1127 inuoluit
668 1088 730 1127 cum
752 1075 883 1140 ascendit,
899 1074 941 1129 rel
958 1075 1022 1144 quia
1038 1075 1066 1128 in
1117 1079 1240 1124 catorum
1255 1078 1281 1124 et
1297 1078 1500 1125 conversorum.

200 1206 204 1213 .
281 1163 336 1216 line
354 1163 549 1220 corrcludilur:
566 1164 624 1236 Epo
634 1166 669 1219 orl
683 1176 708 1220 ιι
722 1167 804 1232 uenio,
820 1167 916 1237 inquo
933 1177 1008 1237 rogat
1018 1182 1067 1237 pru
1155 1162 1183 1216 ln
1199 1162 1317 1218 secunda
1332 1160 1556 1227 reroDominica,
1572 1158 1694 1216 scillcet:
1711 1156 1899 1213 Misericordlu

282 1254 326 1308 his
345 1269 415 1325 qrros
429 1256 504 1312 dedit
515 1257 539 1311 et
555 1255 645 1321 Pater,
661 1267 691 1311 nt
706 1258 802 1312 sintin
818 1256 898 1312 Patre
926 1274 1020 1324 unum,
1038 1258 1065 1313 td
1117 1253 1224 1307 Domini
1235 1259 1256 1319 ⁸,
1273 1253 1400 1323 baptizati
1413 1253 1469 1321 jam
1485 1253 1607 1309 instructi
1620 1252 1721 1306 Christi
1741 1249 1899 1306 misericor-

281 1355 324 1400 ιιι
338 1346 365 1401 iu
381 1348 466 1402 corde
482 1348 550 1404 uniti
564 1348 685 1404 uicissim
705 1350 777 1404 unde
790 1350 918 1419 precedit
931 1349 1063 1418 epistola:
1115 1346 1187 1400 diam
1211 1347 1343 1412 intonant,
1368 1355 1395 1402 et
1410 1345 1569 1401 Trinitatem
1595 1344 1750 1416 praedicant.
1775 1341 1843 1398 Nam
1867 1343 1898 1397 in

283 1436 466 1494 Multitudinis
489 1441 691 1496 credentium”.
708 1441 746 1496 Dc
762 1442 812 1496 hac
829 1443 939 1508 ursione,
963 1443 1065 1497 scilicet
1117 1439 1298 1494 irrisericordiu
1307 1439 1449 1510 Spiritum,
1465 1441 1492 1493 iu
1504 1440 1579 1494 uario
1599 1439 1708 1505 iillum,
1726 1439 1753 1492 in
1767 1437 1827 1502 Dei,
1841 1436 1897 1490 Pa·

282 1531 425 1586 hominum
441 1533 474 1587 ad
491 1532 589 1600 Deum,
604 1547 630 1589 et
643 1534 713 1589 inter
725 1549 753 1588 se
769 1535 796 1588 in
813 1534 925 1589 introitu
938 1536 1064 1605 premitur
1116 1540 1184 1587 trem
1210 1535 1383 1588 annuntiant.
1402 1532 1567 1602 Praepouunt
1586 1545 1650 1587 vcro
1679 1531 1823 1603 Spiritum,
1849 1546 1898 1601 per

283 1637 337 1676 uun
354 1624 451 1693 potuit.
466 1622 534 1679 Nam
553 1625 580 1680 in
606 1627 732 1681 manibus
758 1628 891 1698 operatio,
916 1629 943 1682 in
968 1630 1064 1697 plausu
1114 1643 1195 1698 quem
1211 1640 1275 1682 sunt
1296 1626 1474 1694 sanctificati,
1500 1626 1597 1682 deinde
1619 1624 1718 1679 Filium
1743 1640 1791 1694 pcr
1813 1639 1896 1693 quem

282 1715 386 1784 lautitia,
400 1715 429 1771 in
456 1733 587 1772 mortuum
606 1720 797 1787 coniunctione
811 1722 950 1777 charitatis
965 1722 1064 1777 intelli·
1114 1721 1256 1790 redempti,
1271 1720 1368 1776 deinde
1397 1718 1502 1775 Patrem
1529 1719 1574 1774 cui
1595 1717 1772 1793 reconciliati,
1792 1719 1897 1787 etquis

283 1807 357 1875 gitur
379 1809 602 1864 comruunicaio.
629 1809 675 1866 Sic
697 1828 762 1882 ergo
784 1814 911 1868 manibus
937 1816 1064 1883 plaudere
1115 1810 1276 1866 Trinitatem
1299 1811 1459 1875 concinunt,
1477 1809 1538 1864 iDeo
1550 1819 1590 1864 ter
1608 1809 1723 1878 jubilant
1740 1807 1859 1862 alleluia.

279 1897 418 1967 iubemur,
438 1910 467 1956 ut
482 1918 653 1974 quecunque
673 1920 828 1974 operamur,
851 1908 941 1961 omnia
956 1908 982 1962 in
995 1907 1063 1962 hila·
1150 1901 1178 1955 ln
1195 1903 1271 1956 tertia
1287 1900 1428 1956 [lominica
1446 1921 1453 1956 z
1470 1900 1587 1956 iubilate
1600 1901 1622 1967 ¹,
1634 1900 1762 1969 baptizati
1778 1898 1812 1954 ad
1835 1898 1915 1954 lau-.

199 1974 211 1987 ⁸
282 1990 362 2045 ritate
376 2001 403 2046 et
419 1994 552 2051 charitate
567 1998 646 2057 liant.
663 1994 710 2053 Vel
727 1999 843 2069 pertinet
857 2000 985 2055 introitus
1009 2002 1063 2055 iste
1113 1995 1175 2051 dem
1190 1995 1236 2049 Dei
1253 2002 1338 2049 lotum
1353 1993 1482 2048 muudum
1495 1993 1651 2057 inritant,et
1662 1989 1822 2046 Trinitatem
1835 2005 1898 2061 per·

280 2097 344 2136 cum
359 2084 468 2139 alleluia
482 2106 490 2142 ι
502 2087 638 2157 Ascendit,
651 2099 678 2144 ct
692 2107 755 2146 cuna
779 2092 915 2148 offerenda
935 2111 941 2145 :
965 2093 1063 2147 Portus
1114 2094 1223 2150 sonant,
1239 2102 1301 2142 cum
1323 2087 1349 2140 in
1368 2085 1423 2140 Dco
1447 2084 1566 2150 Patrem,
1579 2084 1605 2138 in
1621 2083 1731 2137 nornine
1744 2080 1855 2144 Filium,
1868 2079 1897 2134 in

280 2175 340 2230 culi
355 2179 458 2246 aperuit
469 2179 502 2243 '⁸,
518 2181 552 2236 ad
566 2181 688 2238 suturam
711 2185 882 2240 ascensionis
903 2186 1062 2240 solemnita-

280 2276 346 2321 teru.
365 2265 531 2325 Coromunio
558 2274 676 2328 sumitur
699 2275 732 2329 de
758 2273 914 2346 Evangelio.
945 2273 1062 2341 Quidam

278 2373 336 2413 nou
356 2360 505 2434 incongrue
526 2367 681 2435 supradicta
695 2366 781 2424 officia
806 2367 946 2424 Paschalis
960 2369 1063 2424 hebdo-

279 2451 377 2519 madae,
392 2470 441 2524 per
460 2469 564 2528 septem
587 2459 657 2515 dona
682 2459 800 2530 Spiritus
831 2461 929 2527 sancti,
957 2461 991 2515 ad
1016 2476 1062 2517 eos

279 2551 412 2615 referunt,
424 2550 472 2620 qui
486 2559 550 2606 sunt
564 2550 699 2622 baptismo
712 2554 810 2621 renati,
823 2562 852 2608 ul
864 2564 975 2610 renatus
986 2553 1061 2610 allia·

280 2650 309 2693 tn
336 2640 449 2709 spiritus
465 2643 605 2711 sapientire
620 2644 711 2700 dicata
727 2644 873 2701 Resurresi
889 2645 922 2714 ⁹⁸,
941 2646 987 2716 qui
1015 2661 1063 2716 per

279 2729 365 2786 Adam
378 2733 543 2800 cecideram,
561 2752 634 2793 nunc
652 2753 668 2791 a
684 2747 771 2792 morte
800 2738 898 2793 animae
913 2739 1060 2804 resurreri;

281 2836 331 2891 per
344 2824 409 2892 quid
428 2826 608 2883 resurrexerit
630 2827 805 2901 Euangelium
820 2830 843 2862 ’¹
857 2829 993 2896 declarat,
1009 2830 1062 2886 sci·

279 2911 342 2968 licet
356 2930 404 2985 per
418 2917 647 2974 resurrectionem
663 2916 772 2974 Domini
787 2938 794 2986 ;
811 2921 876 2992 quid
891 2921 954 2976 indo
966 2922 1062 2991 acqui·

280 3006 370 3075 aierit,
384 3008 499 3078 spiritus
515 3009 628 3064 instruit
650 3009 814 3075 intellectus,
839 3012 956 3068 dicens:
971 3012 1062 3067 lutro-

1115 2178 1194 2233 laude
1206 2177 1336 2248 Spiritum
1348 2185 1470 2232 sanctum
1485 2174 1631 2244 accipiunt.
1646 2172 1678 2227 Et
1696 2173 1760 2243 quia
1777 2185 1825 2241 per
1842 2171 1898 2225 duo

1114 2277 1246 2338 precepta
1259 2266 1399 2322 charitatis
1411 2267 1553 2321 lirmantur
1567 2266 1593 2319 iu
1604 2264 1656 2318 lide
1670 2259 1821 2328 Trinitatis,
1835 2262 1899 2316 ideo

1113 2361 1190 2430 prius
1204 2360 1255 2426 his,
1272 2359 1368 2415 deinde
1379 2371 1420 2414 ter
1434 2358 1583 2413 concinunt
1600 2355 1718 2411 alleluia.

1149 2452 1178 2508 lo
1195 2462 1291 2523 quarta
1306 2451 1448 2508 Dominica
1465 2469 1472 2506 :
1488 2450 1601 2505 Cautute
1613 2448 1633 2516 ⁸,
1650 2463 1746 2502 rursus
1766 2447 1897 2518 baptizati

1114 2543 1148 2598 ad
1163 2541 1209 2598 Dei
1225 2543 1332 2597 laudern
1349 2549 1442 2612 gentes
1456 2555 1602 2599 conversas
1617 2538 1744 2600 inritant,
1756 2547 1783 2594 el
1805 2536 1897 2593 Trini-

1114 2645 1196 2691 tatem
1212 2643 1435 2690 commemorant.
1454 2632 1522 2689 Dum
1540 2633 1566 2687 in
1583 2632 1697 2686 Domino
1714 2631 1833 2698 Patrem,
1848 2643 1898 2699 per·

1114 2728 1248 2783 mirabilia
1262 2726 1370 2792 litium,
1385 2743 1433 2796 per
1444 2726 1577 2797 justitiam
1592 2725 1747 2795 intelligunt
1764 2723 1899 2795 Spiritum

1114 2831 1250 2877 sanctum.
1267 2819 1300 2874 Et
1312 2820 1377 2890 poia
1392 2819 1471 2874 tidem
1488 2816 1630 2872 Trinitatis
1644 2826 1763 2886 gentosa
1777 2825 1899 2892 quatuor

1114 2913 1210 2968 nrtrndi
1231 2913 1355 2983 partihus
1376 2919 1557 2980 acceperuut;
1577 2911 1637 2964 ideo
1663 2907 1823 2963 Trinitatem
1841 2910 1895 2964 suh

1113 3014 1212 3077 qrrarto
1231 3004 1338 3059 alleluia
1350 3003 1526 3057 concludunt.
1550 3005 1562 3022 '¹

278 3097 358 3154 dum
381 3118 427 3158 ρος
444 3101 471 3157 tn
496 3110 567 3158 pem
587 3103 620 3171 u,
648 3103 752 3159 scincet
773 3101 904 3172 Ecclesia,
921 3112 948 3157 pp
970 3105 1061 3162 adhuc
1148 3092 1177 3146 lu
1192 3092 1286 3162 quinta
1302 3090 1442 3144 Dominiea
1461 3109 1468 3144 :
1490 3089 1582 3144 Vocem
1602 3090 1781 3159 jucunditatis
1794 3090 1816 3156 ¹,
1833 3106 1897 3144 rur·

277 3192 355 3249 oddit
367 3195 481 3264 spiritus
493 3196 609 3265 consilii,
622 3214 691 3268 aqua
703 3198 842 3268 sapientiae
852 3199 955 3268 potavit
969 3214 1017 3255 eos
1026 3201 1060 3268 ⁹⁸3
1113 3203 1161 3242 ⁸¹¹³
1186 3185 1314 3256 DiDUffli
1338 3185 1510 3239 llbififfllflffl
1532 3201 1612 3239 ⁵⁰⁰⁰*
1638 3185 1763 3254 8⁰¹¹ffl¹¹¹⁸
1786 3199 1895 3239 illiluss‘

277 3288 345 3359 quid
359 3289 421 3346 impe
434 3307 546 3362 quoque
563 3295 706 3362 acquirere
718 3294 815 3350 debeat
834 3295 945 3366 spjppus
960 3295 1062 3351 impe„
1113 3281 1191 3341 liant,
1206 3278 1251 3349 tprti
1276 3277 1435 3331 Trinitatem
1460 3292 1507 3346 per
1532 3287 1572 3332 ter
1597 3279 1716 3347 positum
1745 3274 1896 3332 concinunt

277 3379 550 3440 tortitudinisdicens
563 3383 840 3453 severiteheuedicti
852 3387 1058 3445 Patrismei”.r
1074 3399 1097 3460 c
1112 3370 1249 3435 Mfflm'ssi
1265 3379 1292 3425 0²
1306 3371 1377 3425 ⁵5⁰⁰*
1402 3369 1448 3424 ¹¹5⁰
1470 3370 1625 3425 ⁰⁰¹¹li¹¹⁰¹l¹l
1647 3369 1775 3423 5DS¹³¹¹²¹³
1792 3367 1895 3437 Diaedi·

277 3473 356 3539 Quod
366 3491 400 3530 ex
412 3475 454 3532 his
465 3477 571 3534 collatis
582 3478 720 3535 lrenehciis
733 3481 817 3536 Deum
831 3481 942 3537 laudare
952 3483 1059 3550 deheat,

277 3566 392 3635 spiritus
408 3568 529 3624 scientias
542 3570 632 3638 docet,
658 3571 751 3626 dicens
769 3590 775 3625 ι
803 3569 974 3629 «Victricem
995 3573 1056 3627 ¹⁰⁰.»

276 3658 347 3726 Quid
361 3663 527 3718 resurrectio
551 3665 652 3720 renatis
669 3665 799 3732 attulerit,
823 3666 935 3738 spiritus
951 3668 1061 3736 pietatis

276 3751 381 3808 indicat
404 3753 514 3810 dicens:
530 3772 542 3807 r
561 3755 662 3812 Eduxit
685 3773 733 3814 eos
755 3757 887 3815 Dominus
902 3760 929 3814 in
951 3776 999 3830 spe
1010 3761 1029 3826 ¹,
1047 3779 1058 3811 r

276 3853 303 3896 et
320 3843 411 3899 adhuc
423 3846 537 3915 spiritus
552 3846 659 3903 timoris
671 3849 805 3919 adjungit,
818 3849 911 3904 dicens
921 3868 943 3904 :r
959 3849 1060 3904 Eduxit

276 3935 412 4000 Dominus
426 3937 555 4007 populum
571 3954 652 4017 suum
663 3941 700 3994 ’.ι
716 3939 770 3994 Pro
784 3942 828 3998 his
841 3943 968 3998 omnihus
981 3943 1060 3997 bette-

276 4027 347 4084 llciis
361 4028 389 4083 in
403 4029 541 4099 baptismo
557 4031 665 4087 collatis
680 4031 840 4087 homiuibus
852 4033 940 4104 angeli
965 4041 1059 4104 gratur·

275 4127 380 4191 lautur,
394 4127 518 4183 homines
532 4126 649 4183 Domino
669 4128 845 4194 confitentur,
858 4137 885 4182 ct
905 4129 938 4182 ad
956 4128 1058 4184 Christi

275 4220 413 4289 praeconia
432 4232 462 4276 se
484 4220 600 4275 inuicem
625 4220 815 4289 exhortantur,
842 4225 943 4293 gratias
964 4233 1056 4292 agrrnl,

273 4313 402 4381 jubilant,
418 4312 548 4369 heneiicia
562 4323 588 4369 et
604 4314 798 4369 beneficiorum
811 4331 910 4372 causas
923 4332 1057 4372 rentcmo·

276 4412 349 4470 rant,
365 4411 393 4459 et
413 4405 447 4460 ad
472 4404 576 4474 maiora
600 4405 770 4462 confidenter
792 4408 924 4476 aspirant,
940 4417 968 4463 ιι
984 4408 1056 4463 circa

276 4497 335 4553 haec
352 4507 457 4554 eaetcrae
480 4508 572 4568 partes
591 4500 742 4556 officiorum
761 4501 953 4572 suprascriptae
974 4503 1058 4571 septi·

274 4605 364 4646 manas
376 4603 532 4648 versantur.
560 4591 593 4648 Et
610 4593 672 4648 ride
687 4595 753 4664 quia
772 4594 817 4650 hic
838 4605 962 4650 mutatur
986 4595 1054 4649 ordo

1112 3463 1243 3527 cantium,
1269 3462 1309 3516 sic
1322 3464 1349 3516 io
1365 3461 1504 3516 offertorio
1519 3481 1525 3516 :
1543 3459 1687 3515 Esuudiuit
1701 3461 1722 3528 ²,
1739 3459 1896 3516 sollicitudo

1112 3570 1140 3608 sc
1153 3554 1187 3608 ah
1197 3568 1290 3608 errore
1303 3552 1527 3614 convertentium,
1541 3563 1567 3605 et
1579 3551 1604 3604 in
1621 3551 1759 3605 ‹rhertorio
1773 3568 1780 3604 ε
1797 3547 1895 3605 Omnes

1111 3656 1198 3718 pentes
1211 3646 1234 3712 ’,
1257 3647 1405 3716 applausus
1419 3645 1446 3699 io
1463 3646 1562 3700 coelum
1589 3644 1748 3715 intelligitur
1763 3657 1895 3698 ascensu-

1112 3757 1215 3795 retunt.

1400 3853 1515 3910 CAPUT
1537 3853 1604 3910 vltt.

1330 3965 1363 4005 on
1381 3966 1538 4024 ascrnsrouc
1558 3966 1661 4005 ooursr.

1148 4040 1299 4117 Ubicunque
1314 4045 1395 4115 [uerit
1410 4061 1514 4114 corpus,
1538 4043 1594 4096 illic
1616 4041 1844 4114 conprepubuatur
1867 4047 1893 4097 ιι

1110 4136 1207 4208 aquilo
1220 4137 1251 4191 ¹⁰.
1265 4136 1333 4191 Dum
1346 4135 1553 4206 Redcnrptorem
1568 4145 1692 4191 nostrum
1702 4135 1787 4192 cmlos
1800 4150 1895 4190 ascen·

1110 4229 1185 4285 disse
1205 4229 1353 4290 credimus,
1377 4245 1453 4300 spent
1476 4238 1597 4283 nostram
1617 4227 1787 4283 uacillanlena
1811 4223 1894 4299 eripi-

1112 4338 1184 4389 mus,
1197 4331 1225 4376 et
1237 4332 1326 4377 mente
1338 4323 1364 4375 in
1381 4322 1538 4378 coelestihus
1550 4321 1706 4377 habitamus
1723 4341 1730 4375 ε
1744 4321 1801 4391 spei
1815 4338 1895 4376 narrt·

1112 4431 1164 4486 que
1188 4415 1348 4470 certitudine
1370 4414 1426 4484 jam
1453 4430 1508 4468 rem
1538 4411 1722 4485 possidemus,
1748 4412 1782 4468 ad
1809 4428 1893 4483 quam

1113 4508 1187 4562 illum
1214 4507 1369 4578 pervenisse
1390 4507 1549 4579 gaudemus,
1574 4516 1601 4561 et
1625 4506 1699 4578 quod
1728 4521 1801 4562 nunc
1823 4520 1892 4576 spe,

1110 4598 1166 4654 Deo
1180 4599 1297 4670 propitio
1309 4615 1404 4656 sumus
1419 4600 1572 4670 possessuri
1588 4598 1615 4653 in
1631 4614 1674 4666 re;
1692 4597 1753 4653 inde
1767 4598 1893 4668 estquod

273 4686 421 4743 donorunr.
437 4686 471 4741 Ει
485 4689 597 4744 attende
612 4689 685 4758 rprtod
707 4703 756 4759 per
778 4688 864 4743 ollrcia
881 4689 963 4758 hujus
975 4688 1058 4759 septi·
1110 4706 1215 4759 eorum,
1232 4692 1331 4762 quasin
1348 4691 1508 4747 ascensione
1522 4699 1678 4756 cantantur,
1690 4689 1813 4759 qttaedanr
1829 4697 1895 4744 sunt

273 4795 361 4835 manae
384 4781 418 4836 ad
440 4790 559 4851 quatuor
585 4782 714 4838 introitus
728 4792 834 4853 quater,
854 4792 881 4839 et
895 4785 930 4838 ad
942 4792 996 4838 tres
1017 4793 1058 4838 ter
1073 4758 1096 4812 D
1111 4784 1281 4840 ascensionis
1301 4792 1411 4853 peracta
1438 4784 1570 4850 narratio,
1593 4794 1623 4839 ut
1640 4783 1706 4837 illud
1721 4799 1727 4835 ι
1743 4781 1809 4835 Post
1831 4798 1894 4851 pur-

234 4935 237 4941 ,
273 4875 386 4946 ponitur
401 4874 529 4940 alleluia;
555 4873 619 4945 quia
642 4885 738 4932 sancta
759 4875 914 4932 Trirritasa
940 4885 1059 4947 quatuor
1109 4878 1207 4931 siarum
1223 4877 1256 4943 ¹¹,
1277 4886 1304 4932 et
1324 4874 1523 4932 illudtomuis
1543 4872 1731 4946 pulchritudo,
1750 4882 1777 4928 et
1799 4870 1892 4926 illud:

272 4968 369 5024 rtrurrdi
385 4969 508 5037 partibus
532 4969 713 5036 collaudatur,
731 4979 758 5024 et
782 4971 816 5025 de
839 4968 940 5025 Christi
966 4982 1058 5025 resur·
1101 4970 1255 5032 „ascendens
1271 4971 1306 5034 ¹¹,
1323 4979 1350 5025 ct
1365 4969 1432 5025 illud
1447 4987 1454 5024 ι
1469 4968 1594 5023 Ascendit
1614 4968 1683 5023 Deus
1711 4968 1749 5031 ¹⁸;
1767 4965 1892 5036 quaedam

273 5058 396 5114 rectione
407 5070 434 5116 et
446 5059 481 5115 de
495 5061 637 5115 hominum
651 5061 815 5130 receptione.
1109 5069 1173 5117 suut
1194 5061 1346 5116 consolatio
1363 5059 1455 5131 sponsi
1472 5061 1505 5116 ad
1519 5075 1659 5131 sponsam,
1678 5068 1707 5114 ut
1724 5078 1733 5110 t
1753 5054 1813 5114 Non
1831 5067 1893 5112 tur-

308 5147 338 5202 lo
355 5149 443 5219 prima
464 5146 604 5227 Dominlca
619 5167 626 5202 t
643 5150 729 5217 Quasi
750 5154 827 5207 modo
846 5156 927 5224 pertiti
943 5156 952 5186 ¹
966 5153 1056 5225 bapti·
1109 5153 1188 5208 hetur
1200 5170 1248 5209 cor
1263 5166 1382 5209 restrum
1407 5170 1496 5224 nerpue
1517 5152 1646 5208 formidet
1660 5151 1697 5219 ¹⁸;
1717 5171 1726 5202 ι
1750 5162 1778 5205 ιι
1799 5149 1865 5206 illud
1885 5171 1892 5206 :

273 5238 325 5292 sati
342 5246 488 5293 mouentur
502 5256 518 5293 a
533 5248 631 5306 matre,
651 5248 681 5295 ul
701 5240 819 5298 inientes
839 5245 997 5300 innocenter
1014 5248 1056 5300 ri·
1111 5244 1220 5316 Tempus
1231 5256 1279 5313 est,
1290 5257 1319 5301 ut
1333 5259 1449 5302 retertur
1460 5245 1492 5313 ¹⁸,
1507 5258 1534 5302 et
1544 5246 1609 5301 illud
1630 5266 1635 5300 :
1651 5245 1680 5301 Si
1694 5263 1745 5300 uou
1758 5243 1847 5300 aliero
1859 5245 1893 5300 ¹⁸.

272 5345 346 5394 rere,
374 5338 402 5385 et
421 5331 464 5386 lac
486 5341 588 5387 sancte
616 5331 765 5405 Scripturae
788 5336 1001 5405 concupiscere,
1028 5347 1059 5392 ut
1110 5336 1239 5404 Quadam
1258 5348 1322 5394 sunt
1334 5339 1513 5409 aggratulatio
1526 5353 1633 5408 sponsae
1648 5337 1681 5391 ad
1697 5352 1840 5406 sponsum,
1865 5345 1895 5390 ut

272 5423 405 5481 l‘aschalc
430 5436 633 5482 sacramentum
646 5443 695 5498 per
709 5426 811 5483 Christi
828 5431 1057 5486 resurrectionem
1109 5432 1176 5487 illud
1191 5433 1395 5503 responsorium
1417 5449 1423 5486 :
1441 5431 1579 5498 Taultore,
1595 5431 1706 5486 Domine
1721 5429 1752 5496 ¹¹,
1768 5438 1794 5485 el
1810 5428 1892 5484 illud:

271 5517 437 5586 acquisitum
464 5520 586 5575 tuorihus
601 5529 628 5576 et
643 5522 698 5576 rila
714 5530 834 5587 teneant,
853 5521 984 5577 rutundum
999 5524 1059 5578 rin·
1110 5523 1193 5580 Pouis
1209 5526 1300 5580 uuicos
1316 5527 1348 5582 ¹⁸.
1366 5525 1394 5580 ln
1408 5525 1565 5581 narratione
1586 5540 1648 5594 spos
1669 5519 1842 5592 concipitur,
1865 5523 1892 5574 in

271 5618 346 5672 cent,
363 5620 390 5665 ιι
419 5626 481 5668 cum
503 5614 615 5670 Christo
638 5615 816 5687 triumphent,
841 5626 868 5672 et
884 5617 1005 5672 laetitiam
1029 5618 1056 5672 in
1110 5615 1297 5672 consolatione
1310 5616 1434 5687 erigitur,
1449 5613 1701 5687 inaggmtulatione
1715 5611 1892 5675 certificatur,

306 5806 424 5867 ”loan.
451 5811 493 5866 li.
532 5815 635 5870 ”het
664 5817 690 5870 l.
730 5815 753 5848 ’⁸
776 5815 848 5870 l'sal.
873 5814 917 5870 ii.
955 5815 977 5848 '¹
1001 5815 1074 5872 Psal.
1101 5819 1162 5874 tta.
1210 5818 1334 5873 ’‘hlarc.
1363 5815 1407 5871 lu.
1454 5816 1477 5849 ”
1500 5815 1586 5870 Eroti.
1615 5814 1656 5870 l5.
1694 5809 1820 5866 ’'Eccli.
1847 5808 1904 5863 ts:

271 5877 466 5970 ”hartheu
506 5884 684 5973 ¹⁰⁰Srp.lh.
726 5885 878 5941 ¹Psal.i'l.
918 5879 1093 5942 ’Psalmt
1136 5889 1274 5947 ’retus
1315 5886 1409 5942 ‘Psal
1433 5887 1478 5942 52.
1531 5882 1687 5940 'Dsahlii‘u
1728 5879 1891 5938 ‘esulae

272 5953 629 6081 :ui’ssnttgslgii.u⁸lffiiall.tli
664 5955 1075 6084 ’'53:221730'znhlffaslglltsffilo
1110 5962 1205 6017 ”hrt
1228 5962 1250 6015 l.
1286 5957 1455 6014 '‘Psathha.
1503 5959 1524 5990 ¹⁸
1544 5955 1615 6011 Psoi.
1631 5955 1673 6010 tu.
1715 5946 1891 6034 ”lantrih
