4350 6709
295 561 349 622 διδ
904 561 1060 620 mourut
1079 561 1214 620 sAEcbtt
1234 562 1291 622 llll.
1851 563 1901 622 stt·

295 682 351 738 uoti
361 680 441 738 debet
454 678 560 734 iodrrna
574 685 641 734 atas
654 677 750 745 laxari,
763 693 813 735 nec
831 677 935 735 noviter
947 678 1071 735 conuersi
1086 691 1109 748 ,q
1122 694 1229 749 cunque
1250 683 1340 749 potest
1362 676 1517 733 seducendo
1540 675 1808 746 necatcontingunt
1821 675 1898 732 eum

295 774 330 830 ad
342 773 398 828 baec
421 770 477 826 cito
490 769 602 836 remitti,
615 771 679 840 quia
699 785 770 840 saepe
783 770 837 825 alta
850 770 948 826 cedrus
966 784 982 822 a
997 775 1070 824 statu
1120 770 1177 824 baec
1195 779 1316 838 tempore
1336 767 1427 835 laniis,
1441 768 1552 839 quando
1563 767 1753 840 qttoeriturqui
1764 767 1898 837 justitian

191 881 193 884 ’
294 863 459 928 concutitur,
473 869 576 933 quanto
591 862 678 933 magis
700 863 806 918 novella
830 862 934 932 planta,
948 863 971 918 si
990 867 1071 916 vetito
1120 869 1221 926 teneat,
1232 860 1279 932 qui
1294 861 1434 917 veritatem
1463 867 1563 926 servet,
1588 860 1635 931 qui
1658 859 1747 916 aliena
1774 873 1834 914 uon
1859 872 1898 913 ra·

292 952 483 1012 secularitatis
495 952 609 1022 corperit
624 953 709 1023 tanqi,
726 968 781 1009 non
807 954 890 1009 eitius
916 953 1071 1009 eradicabi-
1121 955 1187 1025 piat,
1218 955 1265 1024 qui
1293 953 1407 1009 verbum
1421 951 1468 1008 bct
1492 953 1653 1024 purocorde
1671 951 1845 1022 pmdteetet
1858 951 1899 1008 rix

292 1047 357 1103 turi
372 1045 509 1102 Fortassis
530 1047 582 1102 ista
606 1045 701 1102 diceus
722 1045 828 1116 aliquos
841 1047 985 1102 sanctioris
1005 1060 1069 1117 pro-
1119 1043 1266 1108 iuvenitur,
1283 1042 1467 1112 utimpleatur
1485 1043 1566 1097 ctiam
1591 1042 1706 1098 innobis
1719 1038 1786 1096 illud
1799 1036 1898 1097 leda:

289 1140 372 1209 positi
387 1141 459 1196 viros
473 1137 590 1205 offendo,
600 1138 647 1195 sed
660 1138 711 1194 boc
726 1139 787 1209 paci
796 1137 923 1195 Ecclesiae
931 1153 980 1209 pro
990 1154 1071 1209 posse
1120 1133 1266 1189 immittam
1277 1135 1373 1205 samem
1392 1135 1419 1189 in
1432 1144 1513 1202 terro,
1524 1140 1576 1190 etc.
1592 1133 1699 1205 (Erech.
1710 1132 1749 1205 ιι).
1764 1132 1800 1187 Et
1813 1133 1897 1189 illud:

290 1230 438 1288 consulens
452 1228 524 1294 dico,
538 1227 653 1284 credens
662 1238 690 1284 et
701 1243 815 1299 sperans
825 1227 898 1299 quod
907 1229 998 1284 omnia
1009 1244 1070 1299 quae
1119 1229 1264 1285 Pretiosior
1270 1229 1319 1284 erit
1326 1230 1365 1283 cir
1372 1243 1437 1282 auro
1445 1237 1470 1282 et
1478 1227 1638 1282 bomosimul
1643 1226 1734 1283 obriso
1746 1225 1819 1297 (los,
1828 1225 1897 1298 xm).

289 1320 318 1375 in
332 1320 461 1378 Ecclesiis
473 1320 575 1377 Christi
590 1319 618 1374 iu
632 1334 687 1374 una
703 1318 756 1374 tide
777 1319 950 1375 manentibus
974 1319 1070 1374 obser·
1118 1321 1235 1376 Additur
1256 1321 1336 1376 etiarn
1352 1319 1424 1391 quod
1449 1328 1558 1397 centum
1585 1320 1699 1389 paverit,
1724 1325 1756 1374 ιιι
1781 1318 1898 1389 perlecta

288 1420 397 1479 rantur,
412 1411 649 1483 summopoutiliei
673 1413 808 1482 placeant,
825 1428 875 1468 nec
902 1412 1068 1468 oblationem
1118 1413 1237 1469 charitas
1259 1411 1331 1468 lorus
1358 1412 1467 1468 mittens
1491 1412 1614 1467 seruilem
1640 1411 1789 1474 timorem,
1829 1411 1899 1468 acci·

288 1505 516 1576 uniuscujusque,
530 1505 678 1576 quamlibet
700 1520 784 1575 parra
799 1504 845 1569 sit,
859 1505 921 1576 pius
940 1505 1069 1562 sacerdos
1118 1504 1175 1574 piat
1192 1503 1316 1559 timorem
1342 1513 1447 1557 castum
1474 1511 1677 1573 permanentem
1706 1503 1735 1558 ln
1769 1503 1898 1560 emulum

196 1652 201 1666 ,
287 1605 408 1674 respuat,
420 1613 480 1670 quae
492 1598 526 1654 de
539 1597 622 1657 corde
641 1598 759 1652 contrito
775 1606 802 1653 et
817 1599 912 1669 spiritu
926 1599 1069 1654 humiliato
1118 1593 1210 1650 saeculi
1227 1594 1323 1661 ;etito
1340 1592 1451 1659 bbdias,
1467 1594 1514 1664 qui
1537 1593 1898 1665 interpretaturtersrtsbe·

287 1688 427 1746 offeratur.
455 1688 518 1745 llaec
533 1688 568 1744 de
589 1689 731 1746 monacbis
757 1689 805 1760 qui
820 1690 847 1745 in
872 1690 1028 1747 civitatibus
1041 1698 1068 1747 et
1117 1686 1193 1749 otini.
1206 1685 1262 1747 Ιιιῑ.
1276 1692 1303 1741 et
1317 1685 1387 1741 sicui
1400 1685 1445 1741 ilic
1456 1686 1615 1756 prophetico
1625 1685 1696 1741 dono
1715 1685 1896 1757 participarit,

287 1779 406 1834 castellis
418 1787 446 1835 et
460 1778 596 1835 similibus
607 1778 676 1834 locis
689 1787 801 1834 manent
811 1779 940 1847 diximus,
955 1780 1067 1837 alterius
1118 1780 1158 1837 sic
1182 1778 1234 1834 iste
1260 1793 1398 1835 serrorum
1415 1779 1533 1833 nutritor
1546 1786 1574 1834 et
1585 1779 1735 1843 institutor,
1749 1794 1849 1835 eorum
1859 1782 1897 1835 ri-

286 1870 451 1928 iotelleetum
465 1871 513 1942 qui
537 1871 635 1927 melius
649 1871 766 1927 senserit
780 1873 974 1943 amplectentes
987 1879 1014 1928 et
1029 1873 1067 1928 le·
1118 1878 1171 1925 tarn
1187 1871 1303 1940 diligens
1316 1878 1343 1926 et
1356 1871 1457 1924 imitari
1472 1870 1597 1941 cupiens,
1612 1870 1647 1925 ad
1670 1869 1723 1926 boc
1733 1871 1897 1943 quantisque

285 1969 388 2019 ctorem
401 1961 588 2039 deprecaotes,
604 1971 635 2017 ut
649 1962 673 2019 si
687 1944 788 2032 ailquid
804 1977 915 2033 pravum
936 1964 1064 2030 diximus,
1117 1959 1337 2030 perducamque
1359 1958 1433 2029 quod
1453 1959 1492 2013 illi
1507 1967 1591 2030 agunt
1610 1969 1639 2015 et
1655 1959 1800 2031 ipseagat,
1815 1967 1845 2016 et
1859 1959 1897 2016 sic

284 2069 341 2110 non
354 2055 550 2110 malevolentiae
576 2054 706 2125 deputet;
729 2055 777 2111 sed
793 2055 817 2110 si
838 2054 902 2126 quid
917 2056 982 2112 boni
997 2059 1067 2113 scri·
1081 2047 1103 2105 B
1117 2051 1238 2122 ipsorum
1259 2051 1354 2122 spiritu
1382 2050 1565 2106 iudammatus
1580 2052 1746 2107 inardescat.
1768 2051 1897 2108 Videmus

285 2152 360 2215 ptum
383 2154 436 2209 est,
451 2143 567 2214 diligam
590 2143 614 2198 si
639 2157 705 2198 vero
729 2142 834 2213 aliquid
859 2143 934 2208 mali,
953 2143 1067 2201 ildeuter
1116 2161 1188 2216 saepe
1210 2147 1278 2201 tales
1298 2145 1441 2211 homiues,
1461 2145 1507 2215 qui
1520 2154 1686 2202 cumessent
1699 2146 1858 2211 saeculares,
1871 2153 1897 2202 et

283 2236 414 2307 corrigat,
430 2244 457 2294 et
467 2237 558 2300 uobis,
569 2234 616 2307 qui
631 2234 730 2291 melius
745 2234 836 2292 dicere
850 2235 1001 2303 nescimus,
1023 2236 1066 2291 iu·
1084 2283 1086 2285 .
1115 2253 1207 2294 rerum
1225 2238 1361 2293 affluentia
1380 2249 1407 2293 ct
1429 2238 1597 2308 voluptatum
1620 2238 1697 2308 copia
1714 2237 1895 2301 abundarent,

281 2326 400 2398 dulgeat.
1116 2344 1167 2385 uec
1186 2329 1221 2383 ab
1241 2329 1397 2385 bominibus
1417 2329 1446 2385 iu
1464 2329 1505 2384 eis
1526 2343 1587 2384 esse
1601 2328 1691 2398 aliqua
1705 2329 1794 2384 virtus
1815 2327 1896 2383 annai

282 2435 327 2495 itt.
344 2438 381 2494 lle
392 2439 526 2493 monacbis
536 2440 581 2510 qui
602 2440 677 2511 iouqe
695 2456 722 2495 se
747 2440 779 2494 ab
793 2438 939 2493 dominibus
953 2437 1064 2507 fuciunt,
1115 2421 1372 2491 delffll'fflldflfflffll'r
1393 2420 1446 2477 '¹¹⁸5
1470 2421 1522 2477 ¹¹⁰⁰
1544 2422 1632 2476 ⁸⁰¹¹¹⁰¹
1644 2419 1717 2490 (1¹¹0d
1738 2435 1837 2477 ⁸0⁸⁴*
1852 2419 1895 2477 [Μ’

403 2518 432 2564 ut
447 2509 641 2572 cistercienses,
656 2521 680 2565 et
689 2512 765 2582 siqui
776 2519 837 2565 suut
850 2510 960 2566 similes.
1116 2511 1295 2568 instituebant
1308 2519 1336 2568 et
1354 2512 1520 2575 nutriebant,
1538 2512 1572 2567 ad
1586 2513 1638 2567 boc
1650 2511 1770 2579 uenisse,
1786 2518 1817 2567 ut
1831 2525 1896 2583 pu-

315 2602 360 2660 22.
375 2601 435 2659 lam
458 2603 493 2659 ad
525 2603 587 2659 illos
601 2602 690 2675 stylus
708 2610 842 2667 recurrat,
870 2601 917 2672 qui
939 2601 1065 2656 monachi
1115 2619 1194 2678 peres
1207 2602 1310 2669 obest,
1334 2618 1479 2674 pauperem
1494 2603 1634 2659 Christum
1659 2610 1851 2672 sequerentur,
1869 2609 1896 2659 et

281 2711 379 2753 nomeu
405 2710 421 2750 a
448 2695 536 2771 turbis
560 2695 672 2751 omnino
696 2695 829 2765 segregati
844 2692 1010 2764 insigniunt,
1031 2693 1066 2748 de
1115 2696 1241 2752 tollentes
1256 2711 1365 2752 crucem
1393 2710 1470 2752 suam
1489 2703 1593 2750 aretam
1620 2701 1647 2750 et
1675 2696 1790 2750 arduam
1815 2696 1894 2750 vitam

279 2800 397 2857 quonum
411 2786 466 2840 rita
481 2766 512 2840 et'
519 2785 645 2840 instituto
658 2783 761 2855 aliquid
773 2783 916 2840 sinistrum
931 2782 1065 2854 suspicari
1115 2787 1311 2842 monacbomnt
1334 2793 1553 2859 aggrederentur,
1568 2796 1595 2842 et
1608 2787 1753 2843 redderent
1773 2786 1895 2842 homiues

192 2904 194 2909 ·
280 2881 421 2943 nonlicet,
441 2893 491 2934 nec
503 2878 566 2933 inde
579 2878 745 2948 loquentem,
756 2892 791 2933 ne
801 2877 828 2932 in
838 2877 917 2933 laude
932 2877 1063 2947 ipsorum,
1115 2878 1232 2933 bumana
1248 2886 1353 2933 tantum
1366 2880 1504 2948 sapientes
1520 2878 1670 2934 admiratos
1683 2887 1711 2934 et
1725 2877 1851 2948 stupidos
1868 2878 1895 2934 ix

279 2979 490 3043 quantacunque
502 2968 612 3034 dixerit,
626 2976 731 3041 peccet,
755 2968 852 3023 timore
864 2976 981 3039 oportet.
994 2966 1064 3024 Sunt
1114 2971 1281 3026 subitatione
1301 2969 1446 3040 insperata
1467 2971 1579 3036 salutis;
1603 2971 1640 3024 ita
1660 2978 1690 3024 ut
1711 2969 1895 3027 dicereturde

278 3064 352 3119 enim
367 3062 395 3118 iu
407 3062 475 3119 locis
484 3061 543 3118 suis
554 3061 591 3115 ita
602 3061 733 3126 virentes,
743 3067 773 3114 ιιι
782 3061 900 3116 incarne
911 3071 1063 3126 manentes,
1113 3064 1170 3116 eis:
1183 3061 1247 3116 llaec
1257 3071 1295 3115 ert
1306 3062 1453 3117 immutatio
1460 3061 1573 3118 dexterae
1582 3061 1687 3116 Esceist'
1695 3061 1783 3133 (Pul.
1793 3064 1893 3132 txxrr).

278 3158 344 3228 qnia
356 3155 479 3213 carnalia
492 3154 621 3210 deserunt
634 3161 662 3209 et
681 3152 890 3217 transcendunt,
905 3165 1062 3221 sopraear·
1113 3151 1193 3208 Novit
1207 3153 1281 3208 enirn
1305 3151 1437 3210 Dominus
1458 3153 1582 3225 quisunt
1604 3153 1676 3223 ejus.
1696 3151 1766 3208 Nam
1786 3161 1814 3209 et
1838 3154 1896 3225 ipss

276 3263 341 3304 <nem
355 3263 416 3305 esse
426 3245 488 3317 jure
501 3245 638 3302 dicantur.
653 3243 765 3305 iliratur
778 3243 852 3298 enim
868 3241 994 3312 quisquis
1012 3257 1060 3298 eos
1112 3243 1213 3298 Abdias
1224 3252 1381 3312 persecutor
1392 3259 1454 3301 esse
1467 3240 1497 3301 S.
1511 3243 1575 3300 lilim
1594 3244 1764 3308 credebatur,
1775 3260 1812 3301 eo
1824 3245 1893 3316 quod

277 3340 362 3413 ridet,
387 3340 513 3395 bumanae
528 3335 694 3393 intirmitatis
708 3341 813 3390 tantam
833 3334 1061 3398 immutationem,
1093 3336 1238 3399 ⁸trriuister
1260 3337 1332 3406 regis
1356 3338 1541 3407 persecutoris
1562 3345 1653 3404 esset,
1674 3345 1808 3393 ettamen
1823 3337 1895 3408 quod

277 3446 329 3487 nec
343 3431 400 3500 lam
411 3445 472 3488 esse
485 3428 519 3485 de
534 3437 618 3493 terra,
634 3426 682 3484 sed
696 3442 758 3483 esse
770 3427 798 3481 in
814 3433 884 3482 terra
891 3431 1061 3482 asseruntur.
1073 3399 1097 3459 C
1113 3432 1219 3478 amator
1230 3435 1302 3480 esset
1318 3429 1399 3481 etlam
1419 3427 1556 3482 minorum
1574 3443 1714 3485 serrorum
1731 3427 1790 3492 liei,
1815 3443 1894 3500 quam

277 3524 435 3581 intueamur
445 3531 536 3578 tamen
550 3520 573 3576 si
594 3518 695 3575 alicubi
714 3519 742 3573 io
757 3516 878 3587 antiquis
893 3517 946 3572 tale
960 3516 1062 3587 aliquid
1113 3512 1196 3580 libas,
1211 3531 1324 3585 prorsus
1339 3517 1448 3577 latebat.
1462 3517 1545 3573 Divisi
1564 3519 1646 3574 etiam
1662 3526 1727 3575 suut
1747 3519 1802 3590 ipsi
1818 3519 1895 3576 abeo

276 3615 460 3673 inveniamus.
475 3612 617 3684 Scriptum
632 3619 675 3669 est
695 3610 723 3666 in
739 3610 809 3665 libro
821 3608 926 3681 Regum
942 3624 972 3662 ιιι
989 3608 1062 3680 quod
1113 3621 1161 3677 per
1175 3608 1382 3698 quinquageqos
1395 3609 1423 3663 in
1438 3608 1586 3679 speluncis,
1596 3609 1660 3681 quia
1674 3610 1837 3666 cbaritstcm
1849 3609 1894 3665 tte

275 3708 379 3764 abdias
393 3707 518 3764 minister
528 3704 601 3776 regis
611 3702 716 3766 Achab,
731 3710 851 3772 tempore
863 3700 1062 3772 persecutionis
1112 3705 1139 3754 et
1153 3699 1267 3769 proximi
1283 3701 1350 3756 tales
1363 3702 1434 3756 servi
1448 3700 1495 3758 Dei
1505 3702 1534 3756 in
1547 3700 1629 3756 corde
1644 3700 1764 3772 perfecte
1775 3703 1895 3758 retinen·

274 3809 303 3856 et
316 3799 397 3854 lamis
411 3804 520 3855 centum
533 3796 679 3868 propbetas
704 3794 733 3848 iu
747 3794 886 3864 speluncis
911 3807 961 3863 per
982 3793 1062 3864 qnin-
1113 3799 1164 3854 tes,
1180 3791 1252 3862 quod
1272 3792 1440 3864 signiticatur
1460 3809 1508 3864 per
1527 3795 1688 3865 speluncas,
1703 3795 1894 3850 remissionem

274 3905 416 3961 quagenos
429 3888 533 3944 divisos
547 3887 614 3941 aluit
625 3900 694 3956 panc
714 3891 742 3940 et
768 3898 850 3955 aqua.
870 3882 954 3938 Aiunt
979 3882 1060 3936 etiam
1112 3883 1261 3954 plenariam
1273 3886 1443 3954 postmodum
1458 3900 1520 3941 cum
1535 3891 1622 3942 serris
1632 3885 1678 3941 liei
1692 3886 1746 3955 ipsi
1757 3884 1814 3942 Deo
1824 3887 1895 3941 ruili-

275 3979 381 4037 liebraei
396 3979 462 4036 ctB.
471 3979 653 4050 llierouymus
662 3976 785 4040 assentit,
798 3974 935 4045 quodipse
947 3973 1059 4037 bbdias,
1112 3981 1203 4031 tantes
1216 3984 1410 4048 assequuntur,
1426 3976 1499 4048 quod
1513 3993 1563 4048 per
1574 3978 1771 4049 quinquaqinta
1791 3979 1895 4036 indica·

276 4070 323 4141 qui
337 4070 409 4124 inter
430 4068 574 4124 duodecim
599 4067 720 4120 minores
734 4071 940 4123 annumeratur,
956 4072 984 4118 et
999 4078 1062 4132 pro-
1112 4076 1167 4127 tur.
1188 4073 1329 4138 Quomodo
1351 4082 1442 4130 autem
1466 4076 1671 4147 assequuntur?
1684 4074 1815 4147 Nunquid
1840 4091 1894 4131 nott

275 4172 368 4234 pterea
389 4160 483 4215 datum
494 4160 520 4215 ei
542 4172 604 4214 esse
619 4154 751 4226 Spiritum
765 4154 884 4215 Domini·
900 4153 973 4224 quod
990 4169 1058 4225 pro·
1111 4170 1295 4236 assequuntur
1314 4167 1420 4236 plenam
1440 4168 1648 4233 remissionem,
1673 4168 1721 4239 qui
1743 4168 1852 4224 liberati
1877 4183 1894 4224 a

275 4249 371 4321 pbetas
383 4247 515 4318 Spiritum
530 4243 577 4301 lici
588 4246 721 4301 babentes
736 4243 850 4316 paverit.
861 4242 1060 4315 interpretatur
1111 4257 1234 4314 murari
1248 4257 1433 4322 tumultu,soll
1445 4257 1500 4314 boo
1514 4261 1674 4323 militarum
1686 4259 1709 4314 si
1725 4261 1792 4330 quid
1804 4261 1893 4326 molle

274 4357 341 4400 xero
353 4340 555 4397 Abdiasrerous
570 4337 685 4402 bantini,
700 4338 765 4408 quia
780 4334 985 4391 serobabemus
1001 4350 1060 4391 ser·
1111 4349 1136 4405 εἰ
1156 4349 1222 4420 quid
1238 4350 1402 4407 dissolutum
1421 4351 1450 4406 q„
1471 4351 1600 4408 (1011,th
1613 4367 1707 4423 fagum
1727 4353 1770 4408 γε]
1793 4353 1896 4424 princi.

274 4451 339 4493 111111
352 4434 460 4491 ”limini
473 4433 619 4506 li⁰l³¹¹0¹³³
631 4439 797 4503 iissctflieffls
809 4435 836 4484 0²
849 4428 982 4485 hibemut
991 4434 1061 4484 111111·
1110 4455 1174 4511 pum
1183 4441 1265 4511 hujus
1278 4441 1369 4497 sarculi
1384 4442 1412 4496 in
1422 4455 1474 4497 usu
1488 4441 1651 4507 babuerunt,
1662 4442 1770 4513 Aquam
1783 4443 1897 4513 pascba·

273 4544 327 4602 pus
348 4527 428 4584 ianuis
451 4534 479 4583 et
503 4522 712 4597 persecutionis,
728 4531 755 4578 et
780 4526 889 4577 centum
913 4519 1060 4591 propbetas
1111 4530 1164 4587 lem
1179 4531 1318 4588 Christum
1333 4532 1481 4588 succinctis
1496 4532 1629 4616 renibus.
1652 4531 1679 4587 id
1693 4540 1736 4588 est
1759 4533 1896 4589 restrictis

273 4635 325 4693 ΡΝ
351 4618 528 4692 Ρθῐῐθθῑῑθῦθι
557 4616 623 4688 quia
642 4616 705 4671 ‘²¹5⁵
730 4628 861 4671 ”umerus
886 4614 915 4668 ¹¹¹
940 4610 1060 4684 Scriptu·
1110 4623 1193 4696 buius
1210 4624 1394 4695 corruptionis
1416 4625 1551 4682 illecebris
1564 4623 1747 4692 comedentes,
1765 4625 1802 4680 ab
1814 4625 1896 4681 uber·

272 4712 314 4769 ris
331 4711 432 4768 divinis
446 4726 496 4782 pro
516 4708 682 4781 perfectione
707 4705 852 4776 accipitur,
871 4714 899 4762 11
921 4706 1057 4778 quiuqua-
1072 4736 1094 4793 p
1110 4722 1166 4772 tate
1186 4716 1284 4771 domus
1307 4715 1355 4772 [tot
1378 4716 1568 4772 inebrianturl
1586 4714 1632 4772 Sic
1645 4717 1717 4773 enim
1734 4716 1897 4774 diriduntur

272 4821 358 4876 genos
384 4820 434 4876 pro
467 4804 650 4867 remissione,
676 4800 740 4872 quia
768 4806 795 4855 et
821 4797 850 4853 iu
877 4798 935 4870 lege
966 4813 1055 4854 annus
1104 4823 1155 4882 per
1172 4809 1400 4879 quinquagenos,
1426 4807 1490 4878 quia
1530 4807 1691 4864 charitatem
1716 4822 1781 4879 erga
1810 4806 1895 4864 ὓειιω

272 4897 516 4969 quinquagesimus
526 4893 697 4952 remissionis
710 4891 906 4964 appellabatur,
933 4905 967 4946 eo
982 4891 1055 4963 quod
1108 4900 1253 4965 habentos,
1278 4901 1355 4969 prius
1380 4899 1415 4955 ab
1435 4916 1468 4956 eo
1487 4899 1675 4956 remissionem
1701 4900 1853 4970 accipiunt,
1868 4908 1897 4957 er

273 4986 303 5041 itt
336 5000 370 5041 ec
405 4999 422 5039 a
458 4985 590 5041 servitute
624 4983 850 5046 remittebantur,
891 4989 918 5037 0²
944 4996 1055 5052 l⁰⁵⁸0⁸·
1107 4993 1251 5049 ebaritatis
1263 4990 1423 5064 officiaerqa
1437 4990 1534 5047 iratres
1548 4998 1681 5050 tenentes.
1694 4989 1716 5044 si
1731 4990 1799 5060 quid
1810 4990 1896 5061 aliqui

273 5077 366 5134 siones
392 5075 558 5147 recipiebant
572 5082 600 5132 et
616 5075 644 5130 in
667 5074 827 5148 jubilatione
844 5072 1050 5131 relaxabantur.
1105 5080 1340 5154 ruteranqotquld
1351 5082 1416 5137 mali
1430 5082 1561 5146 fecerant,
1572 5081 1672 5153 siquid
1682 5081 1822 5148 dixerant,
1836 5082 1897 5137 viso

307 5168 354 5224 ιδ.
377 5165 535 5221 lntusttuttt·
557 5172 688 5237 quantum
705 5164 792 5220 faveat
813 5166 924 5236 ttttitlut
940 5164 1055 5220 bistoria
1105 5172 1899 5247 tautoprotesstoniseorumdecorettbenttsstmeelspoe

272 5269 369 5320 nostro
387 5259 514 5333 tempori,
530 5259 558 5314 in
585 5275 639 5330 quo
654 5259 677 5314 si
702 5273 756 5314 non
783 5257 855 5314 idem
870 5257 950 5322 stitit·
964 5266 1054 5313 11111111
1106 5266 1186 5321 terita
1199 5267 1423 5338 peccataquasin
1439 5280 1468 5321 se
1479 5266 1584 5320 fueraut
1594 5262 1895 5329 commissardaxant.

273 5355 363 5410 simile
377 5353 444 5424 quid
455 5353 555 5424 agitur.
575 5350 642 5406 Nam
657 5357 685 5406 et
699 5350 728 5405 in
742 5359 836 5405 nostro
851 5355 973 5421 ternpore
987 5350 1056 5404 tales
1141 5356 1185 5413 ξι,
1202 5356 1326 5414 Diximus
1338 5358 1372 5412 oe
1383 5373 1416 5414 eo
1429 5366 1456 5412 er
1470 5357 1529 5427 ejus
1549 5357 1695 5421 similique,
1710 5358 1757 5429 qut
1772 5359 1894 5429 prophe.

272 5446 321 5502 llei
334 5460 428 5503 servos
455 5444 495 5501 illi
510 5445 558 5516 qui
583 5451 692 5500 terrent
715 5442 824 5514 negotia
835 5442 949 5505 habeti·
964 5441 992 5496 111
1007 5441 1057 5496 ab·
1108 5459 1151 5504 tas
1174 5449 1328 5516 abscondit,
1346 5458 1476 5520 quantum
1500 5449 1654 5520 profecerit,
1667 5449 1732 5520 quid
1749 5461 1896 5507 assecutus

271 5538 501 5595 dlliseii'efflotis
518 5547 651 5593 terrarum
666 5551 778 5591 Silarum
795 5537 862 5591 iocis
889 5534 1010 5595 mittunt,
1027 5541 1056 5586 ut
1108 5543 1154 5604 git,
1170 5542 1235 5613 quid
1250 5543 1284 5598 de
1303 5543 1343 5598 eis
1369 5541 1468 5598 dicturi
1483 5558 1578 5598 sumus
1591 5542 1638 5614 qui
1662 5542 1790 5599 absconsi
1809 5544 1896 5601 sunt?

272 5643 384 5699 precum
399 5643 511 5684 suarum
525 5627 657 5684 effusione
678 5627 786 5682 illorum
798 5634 909 5697 peccata
923 5625 1057 5681 redimant
1109 5633 1265 5690 tumeamus
1289 5649 1354 5705 ergo
1371 5649 1466 5690 eorum
1489 5634 1583 5699 viram,
1602 5635 1692 5706 quatis
1714 5650 1747 5691 ρο
1770 5643 1897 5706 temporo

270 5730 301 5778 et
314 5729 344 5777 ut
357 5720 410 5793 ipsi
430 5719 561 5793 Spiritum
586 5719 645 5787 Dei,
671 5721 743 5778 sicut
773 5728 801 5777 et
826 5719 878 5785 illi,
909 5718 1055 5791 accipiant.
1110 5725 1203 5790 luerit,
1218 5740 1282 5780 cum
1296 5733 1322 5780 et
1336 5724 1469 5781 charitate
1481 5725 1612 5797 principis
1626 5727 1667 5782 eis
1677 5727 1837 5783 uecessmia
1852 5726 1896 5783 rir

272 5814 317 5870 Fit
331 5830 397 5874 rcrc
411 5815 499 5873 etboc
510 5823 634 5887 tempore
644 5814 853 5888 persecutionis,
863 5813 974 5886 quaudo
985 5812 1057 5884 reqi—
1108 5815 1274 5873 fortissimos
1291 5816 1526 5885 subministrabat,
1537 5826 1565 5874 et
1579 5819 1738 5890 separatior
1753 5817 1896 5875 mundana

274 5922 310 5961 ιιι
326 5906 489 5978 impiissima
501 5904 620 5973 lezabel,
632 5907 660 5962 id
673 5913 716 5963 est
729 5906 851 5975 superbio
868 5912 896 5962 et
910 5905 989 5960 lew
1006 5919 1057 5959 toe·
1108 5911 1315 5968 conversatione
1344 5910 1489 5966 tumultum
1520 5926 1628 5969 onmem
1661 5911 1828 5969 refrenabat.
1854 5909 1894 5966 lis

273 6001 339 6072 erlo,
348 6017 443 6061 seruos
456 6001 503 6060 bet
518 6003 691 6062 rebemeuter
704 6003 818 6062 tuteuos
833 6002 924 6071 babet,
937 6009 965 6061 et
978 6016 1059 6074 quos·
1110 6003 1274 6063 abstinentia
1285 6018 1349 6062 rero
1363 6018 1458 6062 eorum
1472 6004 1497 6064 si
1513 6004 1589 6078 loqui
1599 6004 1722 6072 soluero,
1737 6001 1894 6078 superdeus
