4350 6709
288 480 337 538 tlt
583 532 588 542 ,
895 468 1051 527 theutin
1069 469 1206 529 SAECDLI
1224 469 1282 526 xtt.
1444 511 1450 519 .
1853 455 1906 512 tta

288 603 365 662 erat,
380 601 409 650 ut
424 593 488 664 qula
502 590 591 647 adhuc
608 589 747 647 homiuum
774 587 898 658 paucitas
917 593 992 652 erat,
1021 586 1066 642 ille
1079 589 1103 646 Α
1116 583 1228 650 certum
1240 597 1296 637 nou
1309 579 1361 636 crit
1376 575 1524 635 absurdum
1538 571 1561 654 si
1576 569 1728 628 secedendo
1741 571 1770 626 in
1780 577 1906 627 monum

288 706 370 761 ouem
390 688 494 760 justum
510 685 642 740 Dominus
658 698 757 740 vocare
776 682 978 753 dignatusest,
994 680 1069 737 solus
1121 675 1163 732 vel
1182 676 1209 730 in
1232 675 1381 735 desertum,
1403 669 1475 741 ‹puud
1491 664 1666 723 eremitarum
1683 672 1726 721 est
1748 662 1904 736 proprium,

289 773 720 846 Dominusmttttaretetquodam
728 773 899 828 modovitam
908 773 1068 838 solitariam,
1120 767 1203 821 ritum
1214 779 1309 820 eorum
1321 763 1348 818 in
1365 777 1394 820 se
1416 761 1473 834 ipse
1489 756 1669 815 consecravit.
1686 755 1732 812 Sic
1754 755 1868 818 debelti.
1879 764 1907 811 et

289 869 473 935 ores,animal
480 871 576 939 procul
587 867 671 922 dubio
681 865 781 937 quietis
791 864 1070 934 amicumpsattendo
1120 859 1175 914 illis
1195 873 1245 929 pro
1262 856 1342 913 bouis
1359 855 1487 927 operibus
1505 852 1625 908 mundus
1644 849 1751 906 arridet
1765 848 1910 917 lacere,si

289 963 454 1019 institueret.
470 958 550 1014 Unde
565 966 655 1012 autem
667 958 759 1027 justus
782 971 797 1009 a
820 954 935 1012 Domino
952 956 1071 1026 appella·
1121 963 1181 1004 sese
1199 944 1337 1004 metiendo
1351 944 1541 1016 cognoverint·
1558 942 1618 998 title
1635 939 1776 1012 itciittliae
1789 946 1908 1012 Decem

288 1053 352 1106 turl
374 1052 439 1122 quia
463 1065 529 1107 oum
553 1049 650 1121 bavit?
668 1064 742 1114 non;
762 1048 808 1104 sed
833 1047 897 1118 quia
925 1062 986 1102 cunr
1006 1061 1071 1119 ores
1121 1039 1393 1098 interbumincsuon
1412 1051 1493 1109 posse
1508 1036 1579 1092 botta
1593 1049 1675 1106 opera
1690 1031 1792 1091 iacere.
1816 1030 1909 1090 uste

288 1149 428 1214 pasceret,
443 1141 548 1197 studuit
563 1147 593 1195 ut
609 1139 663 1196 Deo
679 1140 809 1210 placeret.
823 1138 891 1193 Nam
905 1146 933 1194 et
948 1139 986 1193 illi
1008 1153 1072 1209 pas·
1121 1141 1149 1189 et
1163 1133 1191 1190 iu
1213 1131 1304 1188 tlarcc
1318 1129 1462 1200 scriptum,
1478 1126 1542 1198 quia
1556 1140 1619 1182 cum
1635 1124 1799 1181 mundasset
1812 1123 1908 1195 lepm-

288 1241 362 1290 tures
386 1232 469 1288 lsrael
491 1231 641 1288 secundum
663 1229 788 1286 Ezechiel
809 1230 977 1301 prophetiam
1007 1243 1071 1285 oves
1121 1243 1194 1292 sum,
1207 1232 1235 1282 et
1248 1221 1417 1280 dixissetei:
1437 1219 1512 1285 vice,
1532 1219 1629 1274 nemini
1639 1217 1739 1272 dixeris
1755 1213 1860 1288 (Herc.
1873 1219 1909 1289 ι),

289 1340 402 1396 pascere
415 1326 589 1391 videbantur,
601 1325 635 1380 de
658 1337 774 1394 quorum
789 1322 914 1378 manibus
926 1338 992 1378 ores
1006 1337 1071 1379 suas
1122 1321 1167 1376 ille
1184 1333 1312 1391 egressm
1324 1315 1408 1387 coepit
1424 1314 1574 1385 predicare
1595 1318 1623 1368 et
1638 1309 1782 1366 diffamare
1797 1323 1907 1366 sermo·

289 1415 420 1473 Dominus
443 1434 472 1473 se
492 1415 689 1487 requisiturum
709 1428 771 1470 esse
794 1413 848 1475 ait,
869 1413 933 1482 quia
951 1428 998 1469 eas
1016 1426 1070 1467 nun
1122 1427 1201 1478 nem;
1216 1410 1253 1466 ita
1270 1417 1301 1464 ut
1318 1423 1372 1463 non
1388 1413 1481 1478 posset
1501 1401 1646 1459 manifeste
1663 1404 1690 1456 iu
1706 1401 1851 1456 ciuitatem
1866 1400 1910 1456 in·

288 1512 449 1577 pascerent,
465 1506 512 1562 sed
527 1521 557 1562 sc
570 1507 645 1577 ipsos
660 1503 791 1561 Dominus
819 1503 975 1559 terribiliter
987 1503 1072 1557 iuter·
1122 1505 1216 1568 truite,
1231 1501 1281 1559 sed
1295 1500 1363 1557 loris
1386 1498 1450 1555 iude
1472 1496 1556 1552 certis
1580 1495 1648 1551 locis
1662 1509 1733 1552 esse.
1749 1491 1825 1548 Num
1842 1507 1910 1565 ergo

288 1602 419 1658 minatus.
435 1598 496 1655 Non
511 1598 595 1675 igitur
608 1597 672 1653 iude
683 1597 785 1669 placuit
796 1597 862 1653 Deo.
1122 1596 1236 1653 timebat
1248 1591 1329 1649 lesus
1341 1591 1405 1648 boui
1425 1590 1517 1661 operis
1527 1586 1707 1658 iactantiam?
1717 1584 1792 1650 Non,
1805 1583 1910 1642 sedus·

323 1690 521 1763 &congruum
547 1687 670 1760 prolecto
687 1696 715 1746 et
736 1696 827 1758 aptum
854 1685 917 1743 dico
935 1701 997 1743 esse
1025 1702 1072 1743 so·
1122 1674 1911 1745 teudebatnubishumanamdebereritarelaudem.llideo

290 1784 388 1840 lituria·
417 1784 479 1838 vitae
506 1781 702 1853 pascendarum
732 1779 824 1837 ovium
850 1794 939 1849 opus,
972 1778 1019 1832 ubi
1045 1785 1073 1834 et
1123 1782 1205 1838 etiam
1215 1778 1359 1836 Dominum
1369 1774 1462 1833 Iesum
1482 1788 1551 1846 pene
1564 1771 1685 1828 omnium
1700 1768 1907 1842 professionum

290 1875 369 1947 quies
395 1879 484 1946 potest
507 1887 568 1929 esse
592 1886 708 1937 summa.
722 1880 750 1926 et
763 1871 865 1926 utilitas
880 1869 1016 1924 lructoum
1031 1876 1073 1926 est
1123 1873 1372 1931 ecclesiasticarum
1380 1868 1512 1939 inseipso
1522 1866 1735 1928 demonstrasse,
1742 1861 1907 1933 quodetiam

290 1967 418 2024 maxima.
445 1964 513 2020 Nam
537 1963 560 2020 si
585 1963 654 2019 bene
682 1961 824 2034 inspicias,
850 1961 915 2034 quid
929 1963 957 2018 in
973 1976 1023 2018 ore
1037 1959 1072 2015 ab
1087 1934 1109 1989 B
1124 1983 1173 2038 pro
1190 1980 1271 2038 posse
1284 1967 1341 2021 suis
1356 1961 1425 2019 locis
1439 1959 1626 2024 ostendemus,
1643 1971 1704 2012 cnm
1721 1953 1755 2010 de
1769 1953 1837 2010 aliis
1850 1968 1909 2024 pro·

290 2058 408 2114 utilitate
418 2056 557 2112 vacuum?
576 2052 606 2109 st
621 2054 707 2110 uellus
719 2053 854 2118 attendas,
867 2053 955 2122 ipsum
972 2052 1070 2119 vestit;
1121 2059 1287 2118 sessionibus
1314 2070 1466 2114 sermonem
1481 2052 1659 2110 texuerimus.
1675 2048 1766 2106 Habes
1790 2063 1862 2119 ergo
1880 2047 1908 2102 iu

290 2151 314 2207 si
327 2150 423 2221 netem
439 2146 606 2213 consideres.
623 2146 682 2216 ipsa
697 2145 789 2201 multis
805 2143 894 2200 ¹1¹⁰t¹i⁸
903 2145 1032 2215 prodest:
1047 2148 1071 2201 st
1121 2152 1209 2223 prima
1223 2157 1303 2206 etate
1322 2147 1388 2203 thet
1403 2153 1539 2217 pastorem
1554 2145 1645 2197 ovium
1660 2157 1709 2212 per
1726 2138 1906 2196 solitudinem

290 2238 383 2294 carnis
397 2237 538 2308 inspicias,
553 2237 612 2307 ipsa
625 2234 733 2308 pascit;
755 2234 780 2290 si
790 2234 832 2289 lac
841 2234 955 2307 cogites,
970 2250 1072 2306 parru·
1121 2241 1177 2297 Deo
1188 2241 1349 2311 placentem.
1359 2245 1387 2294 et
1397 2237 1434 2293 ob
1446 2236 1497 2290 hoc
1510 2235 1571 2305 ejus
1584 2241 1711 2303 suscepta
1720 2245 1849 2296 munera,
1861 2229 1907 2285 ba·

291 2329 335 2386 lus
350 2328 409 2388 alit.
427 2327 545 2398 majores
558 2327 738 2383 nihilominus
752 2324 880 2390 delectat,
903 2324 950 2380 sed
964 2331 991 2379 et
1005 2322 1070 2378 illud
1121 2333 1169 2388 pes
1183 2340 1211 2388 er
1231 2331 1259 2386 in
1283 2328 1401 2386 secunda
1415 2334 1494 2383 aetnte
1506 2323 1676 2397 patriarchas
1689 2322 1805 2394 pascuis
1816 2321 1905 2378 ouium

290 2420 364 2491 qued
378 2399 499 2475 delirius
520 2433 581 2474 ⁰⁸⁵²
605 2423 727 2488 Dufflffl'i
750 2415 811 2470 Vide
826 2430 907 2486 quam
922 2414 1070 2470 utillimum
1121 2423 1250 2490 intentos,
1270 2429 1297 2477 ct
1323 2436 1385 2477 cum
1414 2419 1472 2475 suis
1497 2417 1636 2489 gregibus,
1660 2413 1747 2469 idest
1767 2427 1834 2469 cum
1858 2424 1904 2468 ιιι

291 2513 464 2585 agriculturae
478 2512 524 2577 sit,
542 2511 579 2566 ita
595 2517 625 2565 ut
639 2524 720 2565 arens
733 2516 806 2564 terra
817 2506 947 2564 stercoris
962 2507 1022 2577 ejus
1033 2507 1073 2564 lu·
1122 2513 1306 2584 simplicitate,
1322 2512 1374 2567 hac
1387 2518 1468 2581 atque
1484 2509 1547 2564 illac
1571 2516 1696 2569 terrenos
1714 2505 1845 2561 homines
1863 2502 1904 2560 tt·

290 2611 383 2663 uentu
396 2605 567 2676 pinguescat.
584 2600 661 2658 Talia
677 2617 743 2674 ergo
760 2615 859 2673 pecora
873 2615 974 2656 curtus
993 2599 1071 2655 theo-
1122 2607 1236 2677 gientes.
1252 2603 1342 2661 llabes
1355 2611 1383 2661 et
1400 2602 1510 2675 lloyseu
1528 2603 1616 2658 solum
1630 2609 1658 2657 et
1666 2614 1776 2670 gregem
1793 2612 1903 2670 pascet·

291 2698 361 2753 ritttt
375 2695 601 2767 amplectebatur.
617 2693 719 2750 Vident
740 2693 812 2749 essim
824 2692 946 2765 quotidie
963 2707 1071 2765 stlitem
1123 2709 1176 2758 tem
1188 2701 1217 2756 iu
1231 2699 1348 2757 desertis
1360 2697 1427 2754 Sina
1439 2697 1546 2753 Domini
1561 2696 1662 2753 vidisse
1674 2695 1803 2765 gloriam.
1818 2691 1903 2766 laspi-

291 2803 372 2846 suum
385 2787 571 2858 multiplicari,
587 2783 825 2856 amplillcationem
840 2783 919 2840 ovilis
933 2782 967 2837 ad
980 2782 1071 2839 cordis
1122 2808 1154 2849 ce
1167 2792 1249 2849 etiam
1264 2789 1427 2863 posideum
1448 2789 1532 2860 legem
1556 2786 1656 2852 Etiam,
1671 2791 1699 2841 et
1713 2784 1818 2840 multus
1838 2783 1902 2838 alios

293 2879 467 2935 laditudinem
491 2877 627 2942 trahebat,
647 2883 675 2932 θῑ
700 2876 771 2931 Sicu!
794 2874 834 2931 illi
847 2890 943 2947 ‘reges
957 2889 1072 2932 numero
1121 2900 1171 2957 per
1186 2883 1360 2940 solitudinem
1388 2879 1444 2938 Dpo
1457 2878 1605 2950 plgcuisge,
1620 2876 1720 2947 Accipe
1743 2875 1828 2932 etim
1841 2887 1901 2946 ‘n-

290 2970 503 3042 ampliabantur,
520 2968 561 3024 sic
574 2968 602 3024 iu
621 2966 794 3022 eotirtutum
806 2967 988 3023 numerositas
1007 2982 1073 3038 aug·
1122 2984 1212 3031 cancer
1232 2972 1378 3029 nominum
1395 2986 1485 3029 meum
1504 2968 1597 3027 lesum
1618 2968 1646 3025 in
1668 2973 1789 3022 montem
1813 2964 1856 3022 rel
1875 2965 1902 3022 in

290 3061 475 3116 mentabatur.
491 3058 657 3129 Quasputas
671 3057 765 3113 laudes
778 3057 807 3114 iu
821 3057 904 3114 corde
919 3072 970 3114 suu
981 3057 1073 3114 Domi·
1122 3066 1261 3122 desertum
1285 3064 1396 3136 fugisse,
1414 3069 1442 3118 et
1460 3061 1574 3117 habebis
1594 3067 1657 3117 ante
1674 3067 1701 3114 te
1716 3072 1790 3129 quos
1805 3055 1902 3112 imitari

292 3168 331 3210 uo
352 3151 493 3218 reddebat,
515 3164 577 3206 curu
595 3149 687 3205 nullus
710 3149 736 3205 ei
761 3149 895 3206 tumultus
913 3150 1030 3216 adesset,
1045 3156 1072 3207 et
1122 3159 1222 3231 possse,
1237 3157 1370 3229 Tempore
1383 3170 1449 3212 vero
1462 3155 1587 3212 revelate
1620 3153 1716 3226 gratie
1732 3152 1807 3209 nesti
1823 3165 1902 3222 quan

291 3243 432 3318 proiectus
454 3234 587 3301 uirtutum
606 3241 730 3299 simulet
749 3256 860 3314 gregum
880 3257 1020 3315 nunquam
1032 3241 1106 3344 illiC
1122 3244 1340 3318 frequentatasit
1352 3244 1530 3303 solitudinum
1546 3243 1688 3301 habitatio.
1704 3241 1784 3310 Quod
1798 3242 1823 3299 si
1834 3241 1902 3298 torte

291 3336 410 3392 deesset.
424 3332 516 3391 Credo
538 3349 589 3390 nec
611 3333 701 3404 ipsum
721 3333 841 3389 balatum
862 3345 992 3401 pecorum
1006 3347 1073 3389 cuu-
1123 3338 1244 3412 ignoras,
1268 3340 1326 3413 lege
1344 3336 1455 3394 Antonii
1478 3344 1505 3393 et
1518 3335 1595 3393 Pauli
1615 3336 1742 3395 historias
1762 3344 1794 3391 ut
1815 3332 1902 3409 possit

291 3427 439 3492 temnebat,
460 3425 509 3484 sed
532 3424 682 3482 secundum
702 3423 775 3480 huuc
797 3423 973 3479 mortalitatis
990 3422 1072 3494 hujus
1123 3447 1282 3504 agnoscere.

290 3535 442 3579 aerumnam
464 3517 591 3583 dedebat,
611 3516 734 3590 proiecto
755 3517 848 3574 socius
861 3517 935 3574 illius
954 3518 1000 3589 qui
1013 3518 1070 3573 ait:
1120 3563 1122 3568 .
1157 3521 1184 3577 5.
1205 3519 1258 3576 Sed
1271 3519 1343 3576 dicet
1357 3520 1455 3591 aliquis
1480 3538 1488 3575 ι
1512 3517 1583 3586 Quid
1602 3517 1685 3573 audes
1706 3515 1810 3581 dicere,
1830 3512 1900 3586 quod

289 3613 391 3684 insciis
401 3630 448 3684 ego
462 3612 550 3676 tomo,
563 3611 620 3683 quis
631 3626 671 3665 mc
684 3609 804 3665 liberabit
820 3609 851 3664 de
861 3625 968 3680 corpore
980 3612 1072 3666 nortis
1122 3621 1186 3669 ante
1196 3621 1222 3668 te
1233 3612 1326 3668 nullus
1336 3626 1419 3667 ausus
1429 3619 1471 3668 est
1481 3608 1697 3676 assererleuis
1708 3621 1828 3677 unquam
1837 3604 1902 3660 Abel

288 3702 896 3777 boisstfflommrt.)lutueorctiamquodam
909 3702 991 3759 modu
1004 3703 1072 3758 suli·
1121 3714 1148 3760 et
1163 3704 1344 3775 patriarchas,
1365 3703 1483 3775 hluysem
1504 3710 1531 3758 et
1545 3718 1653 3758 rursum
1675 3699 1822 3755 Dominum
1845 3713 1902 3754 ete-

289 3801 388 3857 ttrlam
403 3799 487 3854 ultam
501 3812 563 3854 eum
577 3795 715 3860 dilexisse,
729 3796 775 3866 qui
788 3802 816 3850 et
829 3803 915 3851 artem
936 3793 1071 3850 diversant
1122 3796 1197 3853 ruitis
1215 3796 1395 3852 assimilavit?
1407 3794 1448 3850 td
1460 3794 1533 3865 quod
1547 3793 1710 3864 respondeo.
1724 3807 1767 3847 me
1782 3807 1840 3846 non
1854 3789 1902 3845 ali·

288 3890 326 3945 ab
340 3896 398 3944 arte
409 3888 503 3945 fratris
521 3886 634 3961 pessimi
646 3886 779 3957 quaesivit,
791 3894 818 3942 et
831 3888 878 3958 qui
892 3887 1011 3957 conjugii
1025 3901 1073 3943 co·
1121 3891 1165 3944 eoi
1185 3890 1281 3945 melius
1301 3889 1416 3960 sapienti
1436 3894 1464 3944 et
1478 3888 1636 3958 intelligenti
1652 3886 1841 3957 praeiudicare,
1856 3891 1901 3946 sed

290 3979 382 4048 putam
397 3977 581 4034 uoncurasit.
594 3974 674 4034 Nam.
686 3984 717 4031 ut
728 3977 820 4040 credo,
833 3976 926 4032 nullus
938 3976 1072 4047 usquead
1122 3982 1234 4036 uteliora
1248 3980 1380 4037 dicentem
1397 3988 1521 4051 paratum
1535 3979 1638 4036 audire.
1655 3978 1708 4035 Sed
1722 3981 1788 4050 qrria
1801 3983 1901 4052 optima

290 4069 347 4126 Noe
367 4071 395 4125 in
418 4070 542 4140 catalogo
556 4067 738 4140 generationis
761 4067 886 4123 humanae
903 4070 1070 4132 nominatur.
1121 4073 1212 4129 dicere
1226 4073 1261 4146 pb
1276 4073 1375 4143 ingenii
1398 4072 1450 4127 mel
1472 4072 1632 4128 tenuitatem
1658 4070 1775 4128 sortasse
1796 4076 1899 4132 nescio.

289 4160 534 4232 praeterbuncsine
547 4174 632 4215 uxore
644 4160 755 4224 risisse,
771 4167 801 4214 ut
814 4161 936 4230 prolecto
950 4161 1071 4216 innotes·
1121 4164 1182 4221 ideo
1197 4179 1304 4236 semper
1326 4164 1438 4220 tacebo?
1456 4165 1509 4231 Qui
1527 4180 1623 4219 aurunt
1637 4180 1692 4219 uon
1714 4163 1814 4232 habeo,
1829 4166 1901 4238 quod

282 4251 378 4322 seret,
390 4255 455 4326 quia
466 4255 619 4312 Stlllfflttm
632 4252 768 4310 ¹¹⁰t¹¹l¹¹0¹1¹
781 4260 888 4324 ⁰D⁰ll⁰l
902 4253 962 4309 Sint
976 4267 1069 4318 ¹¹¹⁰re,
1121 4273 1232 4329 possum
1248 4256 1329 4319 tacto.
1344 4256 1372 4311 in
1386 4256 1468 4312 domo
1483 4255 1529 4312 Dei
1541 4254 1583 4311 uel
1594 4255 1664 4325 pilos
1679 4270 1826 4326 caprarum
1836 4257 1903 4314 olsc-

290 4362 351 4418 quae
376 4345 483 4403 Domini
504 4355 579 4413 suut,
593 4344 730 4420 quomodo
745 4343 860 4401 Domino
872 4345 978 4417 placeat
993 4345 1070 4416 cogi·
1120 4366 1162 4408 ro.
1174 4349 1323 4421 Protegont
1340 4349 1413 4404 enim
1427 4356 1455 4404 et
1469 4347 1522 4419 ipsi
1534 4357 1692 4403 ornatumm
1711 4348 1798 4405 diuini
1812 4353 1902 4408 taber·

287 4445 359 4494 tare.
1121 4441 1224 4506 uaculi,
1247 4449 1275 4495 et
1296 4440 1375 4496 utiles
1398 4446 1463 4495 sunt
1487 4437 1515 4492 in
1538 4437 1618 4493 domo
1638 4437 1756 4494 Domini.
1774 4438 1903 4499 Fideuter

325 4528 353 4585 4·
366 4527 423 4599 Ate
439 4542 515 4601 0¹80·
531 4527 656 4600 (ιῦῑῦφιῑῦ
671 4527 821 4585 schtariam
837 4526 922 4583 tilam
937 4540 1023 4592 &mats
1042 4534 1070 4582 ei
1120 4533 1192 4590 enim
1207 4533 1280 4598 dico,
1303 4532 1377 4588 salua
1396 4530 1447 4587 dde
1461 4537 1488 4587 et
1503 4545 1570 4601 pace
1583 4528 1751 4600 Christiana,
1766 4549 1824 4590 uon
1836 4535 1904 4591 mul·

289 4621 326 4680 ab
339 4621 387 4677 illo
406 4621 576 4697 qulprimus
587 4620 680 4693 iustus
693 4622 846 4694 appellatus
856 4631 900 4679 est
915 4619 1069 4691 exemplum
1083 4655 1108 4718 ὓ
1120 4633 1177 4678 turu
1190 4624 1338 4679 abhorrere
1355 4638 1371 4676 a
1387 4637 1461 4686 uero,
1477 4622 1500 4677 si
1515 4622 1592 4677 illum
1608 4622 1730 4680 eremitis
1740 4627 1901 4690 assimilem,

288 4720 316 4769 et
329 4712 395 4769 boni
407 4712 608 4770 lucrementum
617 4713 714 4786 operis
735 4715 837 4785 accipe.
861 4712 968 4784 luspice
982 4711 1067 4770 ctiam
1120 4713 1167 4784 qui
1181 4713 1250 4769 lorte
1264 4712 1383 4769 eremitae
1396 4728 1495 4768 nomeu
1506 4728 1562 4769 nou
1578 4711 1683 4780 babuit,
1696 4713 1757 4771 ideo
1769 4716 1837 4785 qoia
1847 4715 1903 4772 ior·

288 4803 313 4860 si
334 4803 436 4861 alicubi
465 4812 561 4862 nester
578 4804 623 4861 hic
642 4803 723 4863 iesus
740 4806 806 4865 huic
820 4807 882 4862 ritae
900 4805 991 4863 simile
1003 4801 1069 4875 quid
1119 4807 1191 4861 sitan
1206 4805 1295 4861 adhuc
1318 4806 1456 4862 inventum
1473 4820 1527 4861 trun
1552 4815 1620 4871 erat,
1636 4813 1664 4861 ct
1682 4808 1852 4863 eremlticam
1863 4810 1903 4864 ri·

288 4895 383 4970 egerit.
404 4893 542 4969 Scriptum
564 4904 607 4954 est
624 4895 659 4953 de
680 4913 713 4954 eo
726 4898 755 4953 lu
775 4896 922 4969 Evangelio
930 4895 1044 4954 loannis
1058 4911 1066 4952 ι
1111 4909 1175 4953 -tam
1186 4898 1289 4968 optime
1303 4898 1400 4961 tenuit,
1416 4912 1470 4953 non
1486 4898 1601 4952 multum
1617 4897 1799 4955 contendode
1810 4900 1902 4956 nomi·

279 4984 367 5040 'deror
379 5001 438 5040 nero
450 5001 508 5040 cam
518 4989 678 5058 cognovisset
692 4989 755 5059 poio
770 4989 871 5044 uenturi
883 4995 1008 5054 montet
1023 5003 1068 5040 ra·
1112 5006 1164 5056 ne,
1181 4990 1225 5046 ubi
1237 4990 1329 5060 operis
1343 4989 1423 5046 video
1432 4988 1570 5055 ellectum,
1587 5004 1652 5044 uam
1670 4989 1730 5046 sine
1744 4990 1798 5048 boc
1812 4993 1904 5050 numi·

287 5092 376 5148 peram
393 5095 463 5144 mm,
480 5086 505 5134 et
521 5079 636 5149 facerem
651 5081 702 5134 siti
717 5097 813 5152 regem,
827 5081 895 5152 {ogit
909 5083 938 5135 in
955 5089 1069 5141 manunt
1118 5097 1154 5138 ue
1174 5088 1263 5151 potest
1282 5079 1404 5151 ejusdem
1427 5080 1488 5135 uita
1503 5078 1608 5134 tructus
1623 5080 1728 5150 acquiri
1747 5101 1754 5137 ε
1770 5082 1833 5139 sine
1848 5084 1922 5140 cita.

287 5169 342 5239 ipae
369 5169 442 5226 solos
464 5167 555 5241 (loon.
577 5170 628 5243 ιι).
654 5169 724 5227 Ecce
741 5171 823 5228 iesus
842 5188 922 5229 meus
941 5173 1018 5230 solus
1038 5173 1067 5227 in
1119 5173 1293 5230 torosulum
1316 5188 1415 5229 nomen
1436 5173 1518 5230 inane
1539 5182 1592 5230 est.
1607 5173 1774 5245 Partictpcm
1795 5191 1862 5249 ergo
1876 5186 1904 5234 tc

287 5264 380 5317 ruente
406 5260 521 5325 secedit,
542 5276 576 5317 ne
591 5262 706 5319 eremita
721 5264 859 5320 dubitaret
874 5272 1004 5321 moutam
1024 5265 1068 5320 vel
1119 5266 1324 5323 constituenda
1336 5273 1441 5321 tantmu
1452 5266 1582 5331 nominis,
1598 5264 1742 5322 sedetiam
1757 5268 1822 5324 ritae
1842 5285 1905 5328 ere-

285 5365 406 5407 sremum
420 5353 495 5408 solus
508 5352 641 5410 habitare.
651 5353 681 5409 Si
689 5355 898 5426 ergo-Dominus
910 5355 1068 5422 temsstc-
1118 5361 1228 5423 miticae,
1249 5367 1278 5415 et
1293 5360 1443 5430 perlectum
1458 5368 1621 5415 sectatorem
1642 5360 1769 5431 quisquis
1782 5377 1845 5418 min
1859 5379 1905 5438 ag-

284 5450 356 5499 utet
384 5451 448 5501 ante
471 5460 524 5501 uus
544 5460 615 5516 saepe
629 5446 733 5502 dictum
748 5453 801 5512 est,
819 5448 933 5520 legendo
945 5449 974 5503 in
994 5448 1067 5504 libro
1117 5466 1229 5523 gressus
1242 5466 1283 5515 es,
1304 5459 1332 5507 et
1345 5451 1457 5506 humilis
1471 5448 1569 5516 lactus,
1585 5465 1647 5505 cum
1660 5452 1819 5522 evangelico
1831 5456 1905 5527 agri·

284 5532 363 5592 lsaiae
376 5537 457 5592 'intra
478 5552 645 5610 synagogam
666 5538 768 5607 lecton
794 5546 821 5595 et
845 5539 1011 5596 eliminando
1033 5540 1067 5597 de
1118 5547 1177 5600 cota
1200 5546 1318 5617 cophino
1341 5545 1472 5601 stercoris
1496 5555 1597 5599 terram
1619 5545 1712 5602 cordis
1736 5547 1788 5612 tui,
1811 5563 1848 5604 ne
1867 5549 1906 5606 sit

286 5627 387 5698 templo
411 5630 621 5696 nummularios,
634 5630 797 5700 ,ostiarius3
822 5638 850 5687 et
863 5632 998 5702 ejiciendo
1011 5631 1067 5689 dar-
1116 5644 1247 5710 tauquam
1269 5637 1383 5692 liculnea
1408 5635 1590 5702 intruccuosa.
1612 5638 1768 5694 humectare
1789 5650 1818 5694 et
1840 5641 1905 5711 pin·

270 5720 392 5786 'morres,
406 5721 563 5789 exorcista;
581 5730 609 5778 et
620 5722 802 5779 illuminando
814 5738 913 5790 cecos,
930 5723 1067 5782 cerolcra·
1108 5743 1247 5800 -guescere
1261 5744 1311 5799 per
1332 5729 1518 5799 penitentiam
1533 5727 1626 5785 tacito.
1640 5728 1739 5786 Postea
1758 5745 1827 5787 vcro
1841 5740 1906 5788 tau·

284 5808 362 5878 rius;
383 5818 411 5868 et
437 5810 619 5869 ministrando
634 5813 832 5881 subdiaconus,
853 5823 880 5872 et
892 5816 1066 5887 praedicando
1117 5834 1199 5888 quam
1213 5819 1344 5889 paruulus
1362 5818 1391 5874 iu
1404 5817 1515 5874 Christo
1529 5817 1770 5874 lac'humauitatis
1791 5817 1855 5888 ejus
1873 5829 1905 5874 at

264 5896 461 5975 ,Euangelium
475 5909 550 5977 regui
567 5907 659 5974 levita,
678 5913 705 5964 et
720 5922 750 5964 se
762 5908 851 5980 ipsum
865 5909 1003 5968 offerendo
1019 5925 1066 5966 sa·
1107 5911 1248 5969 ‘nutriaris
1263 5910 1367 5987 accipe,
1390 5918 1417 5968 et
1437 5912 1477 5971 sic
1499 5909 1633 5985 justitiam
1648 5927 1708 5984 que
1721 5927 1756 5969 et
1773 5910 1829 5970 dds
1847 5923 1903 5982 est,
