4350 6709
295 531 351 587 etr
813 527 950 587 sternar
965 530 1212 590 cnsnoustvsrs
1231 516 1405 591 setscoet'
1863 528 1917 586 stt

295 645 443 718 quamdam
458 644 582 715 corporis
594 642 804 702 sollicitudiuem
817 648 938 718 gerimus
955 646 996 703 ⁸⁸:
1010 663 1077 718 pro·
1093 648 1265 718 Aperieetos
1294 647 1443 714 totormat,
1471 646 1519 703 sed
1547 645 1665 705 dicimus
1682 662 1688 699 :
1708 643 1832 700 llisemrs
1856 643 1917 713 mei,

295 748 388 809 pterea
403 752 467 794 sum
477 736 592 792 Alleluia
604 744 720 793 tractum
729 736 757 793 in
771 735 891 794 Sabbato
901 748 929 793 ct
940 738 967 794 in
979 739 1082 798 bcbdo·
1132 739 1203 797 Deus
1217 741 1250 810 ¹¹,
1259 750 1286 805 et
1300 739 1468 810 Confitemiui
1481 739 1519 806 ⁸¹;
1533 739 1597 809 quia
1612 752 1660 809 per
1671 734 1858 806 poenitentiam
1869 749 1917 790 ve-

294 828 376 884 mada
390 826 520 900 graduale
534 834 689 884 cantamus.
706 825 849 898 completo
866 826 984 884 LXllmo
996 844 1081 897 anno,
1132 831 1207 886 nitur
1229 831 1263 887 ad
1287 829 1377 886 laudis
1401 827 1614 894 confessionem,
1631 836 1659 883 ct
1672 841 1719 897 per
1741 825 1867 881 timorem
1883 822 1918 880 ad

294 936 391 977 orunes
404 928 470 976 sunt
483 918 600 981 reversi,
614 926 642 974 et
664 917 726 974 ideo
746 919 875 990 gaudium
898 921 1081 992 geminavere,
1130 938 1208 993 spem
1223 941 1231 978 t
1246 923 1354 994 primus
1367 920 1441 978 enim
1463 920 1585 992 psalmus
1599 918 1719 974 inculcat
1740 916 1821 972 nobis
1836 917 1919 974 tirno·

294 1019 439 1082 propterea
454 1009 482 1065 in
499 1008 620 1064 Sabbata
635 1009 758 1064 albarum
774 1008 884 1064 alleluia
897 1009 1081 1080 duplicamus,
1130 1030 1189 1072 rem
1201 1015 1235 1071 de
1247 1030 1326 1086 poena
1340 1023 1526 1086 peecatorum
1551 1012 1599 1068 sed
1622 1011 1687 1083 quia
1711 1024 1759 1080 per
1773 1008 1919 1065 contritio·

294 1101 482 1173 significantes
507 1100 592 1170 quod,
617 1099 694 1155 linito
717 1108 814 1155 nostro
836 1099 926 1156 exsilii
949 1109 1080 1172 tempore,
1132 1121 1194 1161 nem
1207 1106 1360 1162 innascitur
1373 1104 1472 1161 fiducia
1483 1103 1562 1161 nobis
1576 1104 1610 1159 ad
1622 1101 1766 1158 Dominum
1786 1100 1920 1157 acceden-

294 1193 439 1265 eaptivitas
458 1192 626 1259 absolvetur,
638 1191 719 1257 :stola
733 1191 926 1263 geminabitur.
943 1190 1082 1248 lloraliter
1131 1199 1170 1267 di,
1187 1199 1249 1256 ideo
1272 1198 1358 1255 boum
1381 1199 1525 1255 laudantes
1546 1197 1663 1254 dicimus
1681 1195 1713 1251 ad
1730 1194 1892 1250 alterutrum
1912 1207 1919 1253 z

293 1288 377 1344 etiam
403 1286 518 1357 quilibet
531 1287 559 1341 in
577 1284 705 1356 paradiso
716 1300 765 1354 per
775 1300 875 1356 aquam
888 1281 1016 1355 baptismi
1033 1300 1081 1355 ge·
1131 1287 1310 1360 confitemini.
1336 1289 1374 1347 lie
1393 1291 1436 1346 bis
1456 1289 1575 1358 duobus,
1588 1288 1692 1344 scilicet
1706 1287 1803 1342 timore
1816 1295 1843 1342 ct
1857 1300 1918 1357 spe,

251 1399 254 1405 ¹
293 1388 419 1446 uenator,
432 1387 494 1448 post
506 1376 641 1447 baptisma
656 1393 703 1447 per
718 1387 828 1449 peccata
852 1379 881 1433 in
903 1377 1081 1450 Babyloniam
1131 1379 1199 1437 dicit
1211 1380 1317 1454 Moyses
1333 1399 1341 1440 ι
1362 1400 1372 1436 ι
1389 1380 1450 1437 Non
1465 1380 1581 1451 accipies
1597 1380 1658 1436 loco
1670 1378 1795 1448 pignoris
1806 1375 1919 1432 inierio-

294 1468 458 1538 captivatur,
471 1469 518 1523 ubi
532 1483 595 1524 cum
608 1468 715 1523 dierum
727 1471 883 1540 septenario
894 1486 1044 1527 conversus
1054 1479 1082 1527 ct
1131 1489 1190 1529 rem
1205 1483 1233 1530 et
1245 1476 1414 1545 superiorem
1426 1474 1527 1531 molam
1540 1474 1574 1543 ⁸⁸,
1592 1493 1602 1527 r
1619 1474 1646 1530 id
1660 1483 1702 1529 est
1726 1488 1741 1528 a
1762 1481 1917 1543 peccatore,

294 1562 352 1632 agit
365 1561 549 1632 septenarium
563 1561 591 1616 in
604 1561 678 1617 luctu
694 1563 870 1632 poenitentia,
884 1572 914 1619 ut
934 1565 962 1620 in
978 1564 1022 1620 die
1036 1580 1081 1620 rc·
1132 1565 1180 1636 qui
1197 1565 1305 1623 debitor
1316 1576 1368 1635 est,
1383 1567 1509 1623 timorem
1532 1576 1560 1622 et
1582 1581 1668 1637 spem.
1694 1563 1722 1621 ln
1748 1566 1836 1635 prima
1854 1579 1919 1620 vero

295 1655 476 1710 surrectionis
498 1654 531 1710 ad
545 1653 685 1710 coelestem
709 1653 879 1713 llierusalcm
900 1672 963 1712 cum
982 1656 1082 1729 gaudio
1131 1666 1257 1713 cantator
1272 1674 1280 1713 :
1297 1658 1379 1727 Deos,
1394 1659 1423 1712 ia
1437 1657 1712 1728 nomine,too'⁸,cum
1728 1657 1918 1728 sequentibus,

295 1754 460 1802 revertatur.
477 1746 511 1801 Et
530 1744 592 1801 vide
606 1746 680 1815 quod
696 1746 805 1802 alleluia
820 1749 847 1803 in
866 1747 985 1804 Sabbata
998 1748 1082 1818 depo-
1130 1757 1159 1804 et
1171 1749 1300 1804 Dominus
1314 1752 1429 1822 regnauit
1442 1752 1477 1820 ⁸⁵,
1493 1766 1527 1808 ne
1542 1750 1645 1822 aliquid
1662 1750 1696 1806 de
1710 1750 1837 1822 psalterio
1850 1766 1918 1822 prae-

297 1841 373 1895 nitur
387 1839 417 1895 in
429 1839 546 1905 declivo,
560 1841 588 1895 in
605 1839 726 1898 Sabbato
747 1840 902 1907 inchoatur,
919 1841 946 1896 in
961 1839 1082 1897 Sabbato
1132 1842 1308 1909 termittatur,
1323 1843 1395 1914 quod
1410 1852 1497 1899 totum
1514 1844 1542 1899 iu
1557 1843 1707 1914 septimana
1719 1844 1834 1913 legatur,
1852 1858 1917 1899 curu

294 1934 465 2003 geminatur3
484 1933 614 2004 quoniam
629 1934 656 1989 in
669 1936 746 2005 lapsu
760 1935 837 2001 Atlae,
852 1934 899 2004 qui
910 1942 970 1988 erat
983 1934 1010 1988 in
1022 1920 1081 1987 mo·
1132 1940 1218 1987 totum
1240 1933 1304 1988 olint
1318 1933 1433 2004 singulis
1456 1934 1552 1990 diebus
1579 1933 1723 2005 legeretur3
1737 1950 1768 1989 ca
1781 1933 1815 1989 dc
1832 1949 1918 1990 causa

295 2042 349 2099 gna
360 2027 463 2098 quiete,
479 2027 608 2099 gaudium
630 2028 810 2100 perdidimus,
830 2028 876 2083 sed
891 2026 1034 2082 animabus
1051 2026 1080 2081 in
1096 2011 1231 2080 Bdicitur
1253 2034 1280 2081 et
1300 2025 1467 2096 Confitemini
1482 2025 1515 2093 ⁸⁸,
1530 2025 1572 2080 vel
1586 2035 1615 2080 ut
1639 2026 1808 2081 instruantur
1827 2024 1918 2096 pueri,

296 2119 391 2188 requie
409 2135 614 2190 recuperamus,
626 2129 654 2174 et
663 2120 823 2190 corporibus
838 2120 866 2174 in
880 2119 1081 2175 resurrectione
1132 2127 1162 2173 ut
1176 2118 1264 2174 sciant
1280 2119 1307 2175 in
1324 2119 1409 2176 ramis
1428 2119 1579 2190 palmarum
1603 2119 1719 2175 Domino
1736 2119 1859 2176 cotrdteri
1880 2119 1917 2174 ⁸¹.

294 2211 414 2282 denique
426 2212 637 2284 geminabimus.
651 2210 721 2268 lllud
732 2212 813 2267 etiam
826 2211 945 2267 notabile
955 2220 996 2267 est
1007 2210 1081 2282 quod
1131 2210 1294 2283 llujusruodi
1317 2213 1390 2270 euim
1416 2213 1539 2283 psalmus
1562 2213 1671 2284 proprie
1694 2212 1728 2267 ad
1755 2211 1918 2273 illamdiem

293 2299 412 2358 Lllllma
435 2303 709 2375 iucipitamuerorc,
732 2312 759 2359 et
789 2305 950 2360 terminatur
970 2304 1081 2359 inlecti·
1131 2305 1257 2376 pertinet,
1275 2315 1386 2376 propter
1398 2307 1481 2362 istum
1493 2322 1602 2362 versum
1619 2303 1802 2371 sollertiae,
1814 2305 1919 2359 saluum

294 2396 372 2464 bam,
396 2412 444 2468 per
466 2398 540 2469 quod
564 2399 701 2470 significat
726 2397 931 2468 prendendam,
956 2397 1015 2452 lraec
1040 2405 1082 2453 est
1130 2411 1172 2450 ate
1185 2396 1243 2466 soa·
1258 2413 1273 2451 o
1287 2396 1407 2464 Borrine,
1421 2397 1483 2452 berte
1506 2413 1669 2467 prosperare·
1692 2395 1848 2452 Benedictus
1871 2398 1919 2469 qui

294 2504 414 2560 oratuque
437 2501 535 2546 natura
559 2490 787 2568 poenitentialium
808 2489 989 2560 psalmorum.
1014 2486 1080 2544 ltent
1130 2488 1200 2543 uenit
1214 2488 1356 2544 innomine
1369 2489 1523 2546 Dotaitri⁸⁸.
1536 2489 1614 2557 Quod
1631 2490 1658 2545 in
1674 2488 1758 2545 missa
1768 2498 1920 2547 cantatur:

294 2591 402 2655 partera
427 2584 509 2640 lrabet
531 2584 558 2640 in
586 2585 711 2649 tristitia,
734 2592 840 2655 partem
863 2584 892 2638 tn
916 2582 1010 2639 laetitia
1038 2598 1082 2637 se-
1132 2578 1368 2636 Circumdeclemnt
1390 2599 1431 2638 me
1447 2584 1558 2653 gemitur
1573 2585 1677 2652 mortis,
1692 2599 1745 2639 vox
1759 2592 1801 2640 est
1822 2584 1920 2655 primi·

294 2674 431 2747 mtptcna3
446 2677 577 2747 quoniam
599 2677 648 2747 qui
666 2691 729 2731 cum
746 2674 906 2746 poenitentia
927 2681 1080 2741 transeunt,
1131 2671 1194 2727 tivac
1207 2671 1336 2728 Ecclesiae
1349 2674 1484 2744 plorantis
1499 2676 1528 2731 in
1542 2675 1610 2732 abet
1633 2681 1833 2748 protomartyre
1846 2691 1919 2745 prae·

294 2767 450 2840 percipiunt
461 2767 616 2823 animarum
631 2767 838 2833 beatitudinem,
850 2763 893 2820 vel
911 2765 1009 2822 saltem
1022 2781 1083 2823 oer-
1131 2764 1346 2836 centore,cu1us
1361 2767 1473 2839 sanguis
1485 2768 1519 2824 de
1535 2777 1605 2824 terra
1621 2768 1748 2823 clamavit
1769 2768 1802 2824 ad
1825 2766 1920 2823 Domi-

295 2866 352 2914 tarn
375 2859 403 2914 in
419 2859 579 2929 purgatorio
590 2859 830 2928 exspectationem.
844 2856 912 2914 ltem
930 2855 1006 2914 lxta
1023 2858 1081 2913 die·
1131 2856 1267 2926 numqui
1281 2857 1387 2927 aperuit
1400 2873 1431 2916 os
1441 2870 1570 2928 suomet
1583 2863 1701 2933 suscepit
1711 2878 1773 2919 eum
1787 2862 1821 2919 de
1833 2879 1919 2922 manu

296 2949 350 3007 bus
375 2960 604 3020 representamus
624 2951 784 3006 viduitatem
807 2949 951 3014 Ecclesiae,
976 2950 1083 3006 scilieet
1131 2945 1199 3002 Cain
1210 2947 1303 3005 iratris
1313 2951 1356 3006 sui
1369 2951 1402 3008 ⁸⁹.
1417 2950 1493 3008 Unde
1503 2953 1585 3009 statio
1600 2963 1641 3009 est
1652 2955 1686 3009 ad
1699 2954 1829 3011 Sanctum
1843 2954 1920 3012 Lau·

295 3058 385 3114 usque
399 3042 433 3098 ad
448 3053 572 3100 sanctam
594 3052 721 3114 quartam
745 3041 859 3107 leriam;
881 3050 976 3112 postea
993 3042 1081 3100 tribus
1131 3037 1260 3105 rentium,
1277 3041 1356 3112 cujus
1377 3057 1453 3100 mors
1474 3045 1592 3114 pretiosa
1612 3045 1635 3078 ⁸⁰
1658 3061 1729 3102 novo
1743 3054 1771 3102 et
1791 3047 1919 3104 inaudito

295 3134 533 3190 mortificationem
557 3134 649 3191 carnis
670 3144 782 3202 uosirae,
796 3149 884 3205 usque
899 3133 934 3189 ad
954 3143 1081 3190 sanctum
1132 3128 1378 3197 generepttssiollis
1394 3131 1520 3187 clamati!
1546 3133 1574 3189 in
1600 3136 1751 3200 doelum,ei
1771 3137 1921 3196 auditavi&

294 3223 700 3294 Pascua3deiudese1diebus
714 3241 797 3296 opera
810 3225 1007 3282 misericordia
1020 3240 1082 3296 quae
1131 3234 1180 3290 per
1193 3220 1349 3279 universum
1362 3225 1504 3281 mundum.
1518 3225 1594 3283 Unde
1605 3237 1631 3283 ct
1646 3229 1673 3282 in
1689 3228 1813 3285 ltonrana
1829 3229 1921 3289 Eccle-

295 3319 320 3376 ti
336 3318 455 3375 iacimus
467 3326 530 3390 post
543 3318 721 3390 baptismum,
740 3318 768 3373 in
793 3317 914 3373 Sabbato
933 3319 1080 3389 consequi·
1095 3348 1116 3406 c
1132 3310 1172 3368 sia
1187 3327 1242 3382 pree
1257 3315 1363 3369 caeteris
1378 3317 1544 3388 martyribus
1557 3326 1599 3372 est
1613 3319 1779 3375 authentica.
1796 3318 1853 3375 llor
1875 3330 1920 3377 est

295 3427 359 3466 ntur
370 3412 492 3482 requiem
506 3419 534 3466 et
545 3412 681 3483 geminam
694 3410 795 3466 letitia
806 3410 915 3466 stolam.
931 3410 998 3466 ltem
1013 3411 1082 3467 inci·
1133 3404 1215 3460 etiarn
1229 3404 1341 3461 humani
1355 3408 1461 3478 generis
1475 3409 1679 3480 ingemiscentis
1693 3412 1765 3482 quod
1783 3413 1915 3484 gaudium

296 3502 338 3573 pit
351 3518 368 3558 a
382 3500 525 3559 dominica
537 3511 564 3558 et
578 3502 739 3557 terminatur
754 3500 781 3557 in
798 3499 931 3568 Sabbato,
953 3518 987 3559 oo
1007 3505 1082 3574 qnod
1134 3505 1160 3551 et
1175 3497 1296 3553 laetitiam
1311 3498 1438 3568 perdidit,
1454 3499 1655 3557 tribulationem
1669 3510 1695 3556 et
1709 3503 1828 3559 dolorem
1845 3503 1921 3560 inve·

297 3613 313 3654 a
330 3596 474 3652 marrsione
485 3594 604 3665 paradisi
621 3601 715 3649 nostra
731 3593 874 3665 captivitas
889 3594 1041 3662 iucboavit,
1055 3603 1083 3651 ot
1133 3590 1174 3646 nit
1187 3591 1219 3646 ⁸¹.
1234 3590 1391 3662 Languidus
1404 3582 1477 3647 enim
1493 3593 1575 3648 bomo
1589 3592 1756 3650 descendens
1769 3594 1803 3650 de
1819 3591 1920 3651 llieru·

297 3703 386 3759 usquc
402 3688 437 3744 ad
451 3687 571 3743 loturam
586 3688 707 3758 requiem
722 3686 892 3758 perdurabit,
902 3688 945 3742 vel
958 3689 1023 3759 quia
1033 3689 1082 3760 qui
1133 3684 1220 3739 salem
1245 3682 1273 3739 in
1293 3682 1404 3741 iericho
1420 3685 1543 3741 incidens
1566 3687 1595 3742 in
1622 3687 1755 3756 latrones,
1774 3689 1920 3760 spoliatos,

296 3795 346 3853 per
360 3790 529 3850 peceatuma
544 3777 659 3833 Domino
671 3787 767 3833 nostro
780 3779 955 3847 recessimus,
970 3796 1016 3850 por
1030 3782 1083 3835 mi-
1134 3776 1303 3844 vulneratus,
1321 3777 1471 3833 semivivus
1491 3779 1602 3834 relictus
1618 3780 1651 3847 ⁸¹,
1667 3795 1683 3834 a
1699 3779 1825 3836 felicitate
1837 3795 1921 3852 para-

296 3872 476 3930 sericordiam
487 3871 521 3926 ad
534 3871 656 3941 requiem
669 3879 846 3927 revertemur.
860 3870 967 3928 Rursus
988 3873 1084 3943 incipit
1134 3869 1197 3936 disi,
1210 3885 1225 3925 a
1240 3868 1309 3924 facie
1324 3869 1366 3925 sui
1380 3868 1519 3926 creatoris
1534 3870 1650 3941 ejectus,
1660 3873 1769 3942 plorans
1784 3871 1822 3927 ait
1836 3891 1843 3928 ε
1857 3871 1920 3927 Cir-

297 3964 479 4025 aFebruario
500 3963 578 4033 juxta
600 3961 775 4028 Zachariam,
792 3964 839 4034 qui
861 3964 928 4020 dicit
950 3965 978 4019 io
1001 3963 1084 4021 leo
1134 3960 1322 4016 cumdederuat
1342 3977 1384 4015 me
1403 3962 1514 4033 gemitus
1529 3963 1631 4016 mortis.
1649 3960 1701 4018 Sed
1715 3963 1778 4033 quia
1793 3964 1918 4022 divinum

297 4073 392 4115 nrcnse
409 4055 516 4112 Sabat:
535 4074 545 4109 ι
560 4053 725 4110 insecundo
746 4070 820 4111 antro
835 4053 908 4111 Darii
923 4055 1023 4113 lactum
1041 4065 1084 4113 est
1134 4053 1166 4109 de
1181 4054 1386 4125 recuperatione
1404 4055 1622 4128 salutisjaccepit
1644 4057 1797 4126 oraculum,
1810 4057 1918 4113 dicento

297 4150 332 4206 ad
346 4163 409 4204 eura
424 4147 538 4202 verbum
553 4144 661 4201 Domini
675 4144 699 4178 ὅ·
715 4164 722 4200 :
741 4164 753 4198 o
771 4143 856 4202 Sabat
876 4155 970 4202 nostra
990 4147 1083 4219 lingua
1134 4145 1249 4211 domino
1261 4147 1295 4203 ad
1305 4157 1458 4219 serpentem
1475 4167 1482 4204 :
1499 4168 1509 4203 ι
1525 4148 1684 4219 Inimicitias
1696 4165 1795 4220 ponam
1810 4149 1881 4206 inter
1892 4159 1921 4207 ts

296 4244 412 4299 vertitur
425 4242 453 4298 in
465 4240 581 4311 virgam,
593 4247 673 4295 sonat
688 4239 761 4295 coitu
776 4240 960 4294 austeritatem
980 4249 1084 4312 eteor*
1134 4248 1161 4294 et
1174 4239 1327 4307 mulierem,
1349 4255 1442 4296 semen
1460 4249 1537 4297 tuum
1549 4229 1577 4298 et
1598 4257 1691 4298 sennen
1706 4242 1795 4309 illius;
1820 4249 1849 4296 tu
1873 4242 1919 4296 in·

296 4335 455 4398 rectionem·
471 4331 538 4404 quia
551 4330 580 4386 in
599 4328 651 4386 boe
665 4339 785 4400 tempore
798 4329 922 4386 Lllllmae
935 4329 968 4385 de
985 4346 1084 4401 pecca«
1133 4331 1276 4398 sidiaberis
1302 4334 1431 4390 caleaneo
1454 4334 1526 4407 ejus,
1553 4342 1580 4391 et
1604 4335 1662 4405 ipsa
1692 4341 1812 4391 conteret
1836 4343 1920 4404 capot

296 4429 335 4485 tis
348 4424 452 4482 nostris
463 4438 512 4494 per
526 4437 588 4493 quae
599 4437 694 4478 sumus
707 4437 724 4476 a
742 4420 852 4477 diabolo
879 4422 1018 4494 captivati,
1032 4439 1083 4480 nos
1133 4434 1211 4480 tuum
1227 4425 1268 4493 ‘¹3
1286 4426 1467 4497 »hujusmodi
1480 4427 1552 4482 enim
1566 4427 1657 4483 verbis
1672 4425 1786 4481 victoria
1802 4426 1921 4495 promit·

297 4518 438 4588 corripere
460 4523 489 4573 et
510 4511 656 4571 emendare
679 4513 823 4577 debemus..
836 4512 903 4570 ltem
927 4529 976 4585 per
989 4517 1084 4571 decem
1133 4515 1201 4578 titur
1224 4515 1423 4587 Redemptoris,
1446 4519 1504 4590 qui,
1518 4534 1581 4574 curu
1608 4519 1650 4573 sit·
1666 4533 1759 4573 semen
1784 4517 1921 4574 duntaxat

297 4611 484 4668 hebdomadas
504 4609 672 4679 extenditur,
690 4610 755 4681 quia
783 4625 832 4682 per
859 4607 1024 4681 becatogum
1048 4611 1082 4665 ad
1134 4608 1267 4678 mulieris,
1292 4608 1450 4666 inimicitias
1470 4619 1565 4665 contra
1587 4616 1739 4679 serpentem
1760 4607 1788 4663 in
1811 4615 1920 4664 tanturn

298 4706 419 4761 laetitiam
435 4705 602 4776 pervenitur.
618 4702 702 4774 igitur
716 4704 779 4774 quia
792 4719 840 4774 per
854 4703 999 4759 LXllmam
1013 4712 1081 4760 tem·
1096 4694 1120 4755 1)
1132 4702 1265 4765 exercuit,
1281 4709 1311 4756 ut
1327 4710 1409 4771 eaput
1421 4702 1482 4770 eius
1496 4709 1658 4762 contereret,
1670 4697 1766 4768 eteius
1778 4714 1843 4754 vasa
1853 4696 1921 4753 diri·

296 4814 350 4869 pus
365 4798 525 4854 deviationis
539 4805 567 4853 et
588 4796 676 4866 eulpae
696 4796 897 4868 significamus,
918 4808 946 4853 et
959 4807 1080 4852 nostram
1133 4802 1207 4865 peret
1218 4792 1279 4848 etei
1292 4808 1401 4848 omnem
1413 4801 1572 4862 potestatem
1585 4791 1705 4847 auferret
1717 4789 1750 4845 ⁸⁸.
1767 4787 1830 4845 ldeo
1850 4789 1920 4845 sub·

296 4899 459 4960 praesentem
485 4889 671 4959 captivitatem
692 4890 857 4956 recolirnus;
874 4889 936 4945 ideo
955 4888 1082 4945 Genesim
1133 4890 1195 4947 dit:
1212 4886 1246 4943 in
1259 4885 1428 4942 tribulatione
1437 4902 1495 4940 tneo
1508 4886 1623 4942 irtaocooi
1634 4884 1787 4949 bominum,
1797 4891 1823 4937 et
1834 4897 1921 4937 ceau-

298 4980 455 5051 incipimus,
465 4980 684 5051 etlleptaticum,
696 4989 724 5037 et
736 4980 808 5036 liutb
818 4982 934 5053 legimus
944 4997 1032 5053 usque
1047 4981 1082 5037 atl
1132 4984 1198 5039 divit
1211 4983 1243 5038 de
1258 4978 1353 5051 templo
1365 4988 1458 5034 sancto
1469 4995 1517 5033 too
1533 4994 1618 5034 uocem
1632 4993 1718 5032 oseem
1727 4976 1845 5042 ⁶⁸,more
1855 4989 1921 5046 pro·

298 5071 469 5131 dominicam
483 5072 651 5130 Palmarum.
667 5073 719 5132 Ubi
742 5075 855 5131 humani
876 5077 984 5146 generis
1005 5091 1086 5133 error
1132 5079 1241 5148 plretieo
1263 5090 1319 5145 pree
1333 5074 1418 5130 niruia
1433 5071 1595 5129 certitudine
1617 5069 1783 5141 preteritum
1805 5066 1921 5137 ponitur

296 5175 326 5223 et
336 5167 465 5234 deviatio,
476 5176 504 5222 et
517 5158 627 5222 notatur
640 5168 775 5238 expulsio,
788 5184 871 5239 quam
887 5169 968 5226 etiam
983 5169 1082 5230 debili·
1133 5185 1184 5241 pro
1207 5168 1316 5234 luturo;
1334 5165 1449 5234 ideoque
1470 5161 1642 5218 dilectionem
1666 5155 1841 5227 Redemptori
1853 5169 1922 5227 pro·

297 5273 338 5316 ter
355 5261 491 5327 canimus,
505 5268 533 5316 et
554 5260 677 5316 canendo
698 5260 806 5328 demus,
819 5261 876 5317 imo
888 5270 915 5316 et
937 5262 1078 5332 antiquam
1134 5262 1217 5317 mittit
1231 5259 1350 5316 subdens
1367 5255 1508 5324 :diligam
1523 5264 1547 5310 te
1562 5251 1606 5306 ⁸¹2

296 5355 441 5411 historiam
450 5355 653 5427 prosequimur,
669 5355 763 5425 inqua
778 5354 1005 5410 miseriaeveteris
1020 5355 1083 5413 vita·
1170 5351 1222 5407 Sed
1237 5351 1302 5422 quia
1321 5350 1401 5419 longa
1413 5347 1456 5402 via
1479 5344 1600 5401 restabat
1612 5342 1647 5397 ab
1666 5341 1752 5396 Adam
1769 5352 1858 5409 usque
1883 5337 1920 5396 sd

297 5454 454 5513 narrantur,
466 5445 564 5516 eiectio
577 5444 643 5500 lldae
658 5445 693 5513 ⁸¹,
708 5445 840 5500 diluvium
855 5442 912 5500 Noe
927 5445 961 5512 ⁸⁸,
974 5454 1002 5500 et
1020 5446 1081 5500 exi·
1131 5443 1302 5500 nativitatem
1325 5439 1438 5505 Christi,
1458 5433 1576 5492 Lllllllll
1597 5433 1698 5490 etenim
1726 5432 1920 5502 generationes

296 5547 343 5592 tus
370 5536 534 5592 Abralrae⁸'.
558 5535 587 5591 lrt
610 5536 753 5593 matutinis
790 5535 917 5591 laudibus
948 5536 1089 5591 omittitur
1134 5537 1161 5592 in
1186 5534 1332 5607 Evangelio
1346 5538 1539 5602 computantur
1551 5527 1583 5595 ⁸⁸,
1599 5526 1661 5582 idco
1683 5525 1782 5596 legitur
1803 5523 1921 5593 epistola

298 5628 426 5685 domium
449 5631 566 5701 regnauit
589 5630 629 5697 ⁸⁶,
644 5629 708 5701 quia
723 5628 845 5700 psalmus
865 5637 908 5684 cst
931 5628 1040 5697 letitia,
1053 5638 1082 5685 et
1135 5629 1170 5686 de
1183 5631 1263 5700 longo
1277 5627 1365 5683 stadio
1380 5645 1387 5681 r
1407 5622 1522 5679 Nescitis
1534 5619 1603 5701 quod
1619 5619 1698 5689 iigui
1711 5617 1739 5672 ia
1756 5616 1844 5671 stadio
1857 5631 1922 5670 ιιι·

350 5763 470 5820 “Rota
490 5764 674 5833 tt;ltcor.5.
711 5765 735 5799 “
754 5763 837 5823 Zach-
858 5764 885 5820 1.
922 5764 945 5798 ⁸¹
964 5763 1032 5820 Gen.
1048 5764 1080 5820 ,5.
1118 5763 1220 5819 “Gen
1242 5761 1268 5814 l.
1305 5756 1414 5813 ‘'Gen.
1433 5753 1476 5810 11.
1513 5751 1536 5784 ⁸⁶
1562 5749 1635 5806 isat.
1663 5747 1708 5804 92.
1746 5742 1921 5804 ¹¹Psal.50.

298 5836 321 5869 ⁸¹
348 5834 421 5891 Psal.
440 5835 502 5895 117.
539 5836 715 5892 ”Deubss
751 5835 863 5893 '‘Psal.
898 5836 944 5891 al.
981 5833 1163 5890 1111511111.
1201 5830 1313 5886 '‘Psal.
1335 5828 1396 5884 lli.
1434 5826 1456 5857 ⁸¹
1485 5821 1580 5877 llatttr.
1609 5820 1654 5874 tl.
1694 5817 1716 5852 ⁸⁸
1741 5816 1814 5873 Psal.
1855 5813 1919 5896 117.

299 5907 419 6039 :aar
438 5909 474 6034 51
512 5907 617 5964 “Psab
639 5907 700 5965 tlt.
739 5906 760 5940 ⁸¹
780 5905 851 5963 isat.
872 5907 933 5962 111.
971 5905 993 5992 ξ’
1012 5904 1079 5961 Luc.
1093 5906 1134 5962 10.
1174 5905 1196 5937 ⁸³
1213 5903 1280 5960 Gen.
1300 5902 1326 5958 5.
1364 5897 1473 5954 “buc
1493 5892 1537 5948 11.
1575 5892 1597 5925 ⁶¹
1625 5890 1697 5948 Psal.
1726 5888 1769 5944 tt.
1795 5883 1917 5942 ⁴¹·lbrd.
