4350 6709
215 565 272 622 673
824 553 987 612 historus
1005 547 1252 607 ceninensium
1792 548 1846 607 did

214 678 411 752 ipsnmcahar
422 679 594 736 confractum
618 678 652 733 de
673 678 742 748 pede
766 674 912 741 resiliri13.
923 672 1040 731 milcsh
1056 665 1111 723 [leo
1123 682 1174 738 pro
1189 666 1288 722 collata
1302 663 1417 720 uictoria
1434 665 1536 736 gratias
1547 678 1710 735 repensurus
1724 683 1731 719 :
1743 680 1846 736 equum

212 788 305 830 tamen
320 771 507 827 validissimus
525 785 579 824 non
604 768 714 834 cecidit,
738 765 785 822 sed
802 771 894 837 hostes
913 760 1002 818 valide
1051 761 1134 816 etiam
1155 776 1235 816 suum
1260 768 1288 815 et
1302 758 1452 814 armadedit
1468 757 1634 829 pauperibus
1650 758 1677 812 in
1696 758 1847 832 eleemosy-

215 867 360 937 percussit.
372 863 490 931 Quidam
518 873 609 919 antem
635 862 669 916 de
689 859 853 916 adversariis
873 856 1000 912 comitem
1053 873 1128 913 nam.
1146 855 1184 913 Ut
1198 866 1290 912 autem
1315 854 1524 949 veritasohujus
1542 869 1639 925 pugnae
1661 854 1796 910 mirabilis
1820 865 1849 913 et

214 968 340 1014 nostrum
356 956 443 1011 valide
455 955 592 1024 percussit
608 953 634 1006 in
659 953 764 1023 capite;
779 950 821 1004 rir
835 958 928 1004 autem
952 960 1003 1000 no·
1053 951 1180 1020 gloriosae
1196 950 1319 1006 uictoriae
1337 948 1506 1005 audientium
1524 948 1654 1002 cordibus
1677 947 1785 1016 plenius
1804 947 1848 1005 ln·

214 1048 276 1102 hilis
303 1048 409 1102 dictum
434 1045 549 1100 militem
577 1059 641 1099 cum
668 1058 760 1113 pugno
781 1040 880 1096 cecidit
905 1038 1003 1093 subtus
1054 1044 1165 1113 ligatur,
1180 1043 1286 1098 litteras
1298 1059 1369 1113 quas
1379 1044 1499 1114 episcopi
1512 1048 1540 1095 ct
1551 1040 1664 1095 abbates
1676 1040 1850 1110 quiadersgg

214 1146 348 1200 mentum,
368 1138 402 1192 <¹0
412 1152 483 1205 811110
496 1137 593 1190 callere
615 1134 689 1188 leeit.
705 1132 784 1200 0⁰⁰⁴!
801 1131 924 1186 ildenles
936 1129 1004 1185 socii
1054 1136 1088 1190 ad
1102 1135 1246 1191 universos
1263 1135 1364 1192 Christi
1380 1136 1473 1193 ildeles
1497 1135 1643 1200 miserunt,
1657 1134 1733 1202 operi
1751 1144 1849 1192 nostro

213 1230 278 1284 dicti
299 1229 406 1293 militis,
418 1229 464 1299 qui
481 1226 580 1281 iuhniti
596 1234 684 1291 erant,
703 1224 749 1281 scd
762 1222 891 1278 etcaeteri
908 1237 1005 1277 omrres
1054 1226 1185 1283 duximus
1197 1228 1366 1284 ingerenda,

213 1320 363 1374 adversarii
377 1318 474 1381 nostri,
490 1317 554 1372 victi
578 1315 660 1369 citius
673 1323 701 1368 et
720 1313 840 1377 confusi,
855 1311 925 1378 lugae
936 1326 1005 1380 prec-
1323 1338 1440 1395 CAPUT
1461 1338 1579 1397 [ΠΜ.

214 1412 284 1468 sidia
297 1412 466 1482 quaesierunt
484 1429 491 1464 :
507 1411 580 1480 quod
603 1408 728 1463 uidentes
743 1405 841 1471 nostri,
857 1404 894 1458 illi
911 1401 1005 1457 rideli-
1057 1427 1167 1483 mm
1179 1430 1352 1499 mmmm
1373 1434 1419 1501 qm.
1432 1433 1460 1485 fn
1479 1433 1595 1487 mrem
1611 1432 1729 1489 Simoni.
1743 1433 1850 1490 mm,

214 1514 258 1559 cet
277 1505 325 1574 qui
350 1503 460 1560 lucrant
482 1505 509 1557 in
535 1504 624 1572 prima
646 1501 705 1557 acie
726 1509 753 1554 et
777 1499 804 1552 in
820 1497 950 1561 secunda,
964 1496 1006 1549 in·
1113 1512 1199 1564 erorrt,
1216 1519 1275 1555 curn
1286 1503 1318 1554 de
1330 1502 1392 1570 tidei
1406 1503 1527 1557 itostibns
1541 1506 1713 1575 triumphauit
1728 1504 1780 1577 (8²)

215 1596 387 1650 nantissime
409 1594 524 1649 insecuti
547 1603 612 1649 sunt
634 1593 789 1663 fugientes,
803 1600 830 1646 et
844 1589 1006 1662 gravissime
1092 1592 1184 1649 Gloria
1201 1595 1229 1646 hr
1248 1595 1358 1648 excelsis
1377 1593 1432 1649 Deo
1444 1605 1468 1649 ct
1485 1596 1513 1649 in
1536 1605 1606 1650 terro
1623 1613 1677 1667 poe
1698 1596 1850 1653 horninibus

215 1690 369 1759 prosecuti;
384 1699 523 1743 extremos
533 1687 633 1743 etenim
643 1688 828 1750 caederrtes,ex
840 1684 907 1754 ipsis
921 1683 1006 1737 nrulta
1058 1684 1135 1755 (Luc.
1148 1687 1191 1755 nl,
1205 1686 1252 1757 qni
1273 1697 1395 1742 sanctam
1415 1687 1563 1744 Ecclesiam
1582 1690 1653 1745 bona
1670 1690 1788 1761 diligunt
1803 1705 1851 1745 ro·

216 1781 301 1836 millia
314 1783 482 1839 occiderunt.
496 1782 594 1836 Comes
605 1794 670 1833 vero
685 1791 778 1834 noster
791 1788 817 1834 et
829 1777 867 1830 ilh
881 1775 927 1846 qui
943 1791 1005 1830 cum
1058 1780 1174 1835 lentate.
1191 1781 1262 1834 Drur
1277 1781 1356 1850 [orris
1371 1791 1395 1835 rt
1411 1793 1513 1850 potens,
1530 1782 1601 1836 Deus
1610 1793 1701 1854 potens
1713 1784 1741 1837 in
1758 1781 1851 1851 prolia

215 1889 248 1928 eo
260 1883 349 1936 erant,
365 1873 437 1929 lento
450 1889 532 1928 cursu
542 1882 603 1944 post
614 1880 725 1926 nostros
738 1869 785 1942 qui
795 1886 842 1925 eus
856 1869 1007 1938 insequun-
1060 1871 1146 1941 (Pani.
1160 1878 1251 1942 xxiii),
1277 1873 1372 1942 quinta
1393 1871 1461 1928 iuria
1483 1871 1553 1928 inira
1570 1884 1681 1932 octavas
1696 1872 1852 1930 Nativitatis

216 1978 271 2031 tur,
290 1967 324 2021 dc
349 1966 484 2020 industria
510 1964 708 2034 sequebantur,
733 1971 763 2016 ut
786 1961 809 2017 si
826 1959 897 2016 lorte
913 1960 1008 2014 hostes
1060 1966 1146 2022 hearae
1164 1965 1256 2021 hlopiae
1281 1964 1414 2036 virginis,
1435 1969 1692 2028 sanem-concessi,
1707 1966 1850 2033 pedesq&

215 2057 411 2128 ⁰⁰¹¹3¹⁰b³l0¹¹l
427 2074 455 2113 ⁸⁰
474 2068 502 2111 ct
528 2065 699 2112 leslfflelssssl
713 2056 822 2128 31111198
847 2051 1006 2118 resiliendi,
1024 2025 1175 2114 Bdevictis
1190 2059 1356 2114 miraculose
1368 2059 1488 2114 inimicis
1501 2060 1562 2115 lrdei
1577 2059 1751 2123 Christianae,
1767 2059 1852 2114 ricto-

217 2150 303 2211 uostti
316 2151 364 2225 qui
378 2148 513 2223 fugientes
526 2149 608 2206 dirisi
620 2148 689 2205 alter
704 2148 739 2202 ab
752 2147 838 2201 altero
857 2160 1009 2215 conseque·
1059 2153 1129 2205 riam
1145 2151 1307 2221 gloriosam,
1326 2159 1354 2205 er
1369 2151 1538 2221 triumphum
1552 2151 1715 2222 grosppm
1729 2152 1756 2204 jn
1776 2150 1852 2204 hune

217 2250 329 2313 barnur,
348 2247 381 2300 ad
398 2248 525 2301 cornitem
539 2251 651 2313 possent
665 2240 766 2296 babere
780 2254 935 2295 recursum.
953 2237 1009 2292 Nec
1059 2243 1170 2298 modum
1188 2261 1195 2297 :
1211 2241 1276 2297 Post
1288 2243 1487 2298 correctionem
1504 2243 1773 2307 allectuosissimam,
1792 2242 1853 2298 zelo

216 2341 354 2396 silendum
381 2338 454 2407 qnod
473 2351 566 2392 comes
588 2334 776 2389 nobilissimus
789 2341 896 2387 nonest
910 2332 1003 2400 digna·
1058 2345 1178 2406 paternae
1197 2335 1306 2404 pietatis
1334 2351 1350 2389 a
1369 2351 1478 2391 summo
1497 2337 1625 2406 pontiliee
1641 2335 1854 2406 diligentissime

217 2441 262 2488 tus
285 2433 313 2486 in
343 2430 414 2484 bello
432 2429 551 2498 aliquem
568 2435 721 2497 pereutere,
742 2439 776 2478 ex
791 2438 847 2493 quo
872 2421 1007 2493 fugientes

217 2525 287 2581 sidit
299 2532 326 2580 et
340 2530 444 2577 vertere
461 2520 514 2574 sibi
527 2529 645 2590 tergunt.
832 2524 836 2533 “

253 2617 323 2671 bom
339 2617 395 2670 haec
418 2621 574 2684 agerentur,
591 2612 665 2665 circs
688 2608 817 2679 Tolosani
834 2607 882 2678 qui
896 2620 1007 2661 reman-

216 2720 312 2768 serant
335 2710 362 2764 in
388 2707 509 2762 exercitu
538 2705 639 2760 inliniti
662 2703 696 2758 ad
721 2716 840 2772 pugnarn
855 2700 955 2770 parati,
979 2699 1007 2753 in

217 2801 400 2875 expugnando
416 2809 507 2856 castro
531 2797 595 2852 totis
620 2796 724 2849 riribus
736 2793 905 2849 laborabant.
929 2791 1006 2858 Quod

217 2901 315 2953 ridens
331 2896 477 2965 episcopus
499 2891 665 2955 Tolosanus,
678 2889 725 2958 qui
740 2887 839 2941 eratin
860 2887 1008 2941 castrovir

219 2994 309 3048 boreus
330 2999 357 3044 et
381 2990 476 3054 mitis,
494 2998 646 3054 eorumque
670 2981 788 3038 miseriae
814 2979 1007 3049 compatiens,

1059 2429 1118 2496 regi
1137 2426 1237 2483 lectam
1265 2428 1469 2496 Arragonensi,
1492 2428 1736 2498 inhibitionemque
1757 2427 1852 2482 distri-

1058 2521 1229 2586 ctissimam,
1259 2535 1294 2575 ne
1318 2521 1438 2576 inimicis
1454 2521 1515 2576 lirici
1535 2529 1677 2590 praestaret
1698 2521 1853 2588 auxilium,

1058 2611 1204 2666 consilinm
1223 2610 1262 2665 rel
1282 2610 1413 2678 levorem,
1425 2611 1472 2666 sed
1485 2611 1519 2666 ab
1532 2611 1634 2666 eisdem
1656 2610 1796 2667 recederet
1809 2610 1853 2666 in·

1058 2705 1152 2771 dilate,
1176 2715 1204 2760 et
1223 2716 1333 2775 treugas
1349 2705 1461 2760 haberet
1480 2704 1653 2760 lirmissinras
1670 2721 1732 2760 cum
1754 2704 1855 2761 comite

1058 2797 1160 2853 Montis
1179 2797 1274 2861 lortis;
1289 2798 1453 2868 quibusdam
1466 2799 1550 2853 etiam
1565 2799 1681 2865 litteris,
1698 2815 1767 2870 quas
1777 2801 1855 2869 ejus·

1060 2890 1122 2945 dem
1150 2892 1223 2961 regis
1251 2889 1340 2944 nurrtii
1368 2905 1416 2958 per
1443 2889 1620 2945 falsissimam
1648 2891 1854 2962 suggestionem

1059 2993 1155 3039 contra
1172 2983 1300 3038 comitem
1315 2981 1415 3037 llotrtis
1431 2984 1510 3039 lortis
1527 2984 1707 3054 impetrarant
1719 2984 1754 3040 de
1773 2985 1856 3042 terris

216 3082 365 3153 quemdam
382 3079 471 3132 sirum
494 3076 652 3145 religiosum
673 3074 748 3127 misit
764 3069 799 3125 ad
818 3086 877 3138 eos,
891 3085 1008 3125 monens
1058 3073 1204 3129 reddendis
1218 3070 1370 3128 comitibus
1381 3071 1402 3125 F
1405 3074 1518 3140 uxensi,
1535 3073 1726 3130 consertarum
1744 3084 1772 3130 et
1787 3074 1858 3132 Gas-

217 3185 246 3231 et
256 3173 407 3230 consulens
422 3180 452 3224 ut
464 3168 522 3238 jam
537 3167 647 3222 taudem
665 3174 890 3221 corrrcrterentur
902 3164 936 3217 ad
953 3161 1007 3218 bo·
1059 3166 1117 3222 toni
1132 3167 1165 3220 de
1176 3165 1293 3232 ilcarno,
1310 3176 1373 3237 post
1391 3166 1513 3221 veritatis
1527 3167 1711 3237 coguitionem
1736 3169 1856 3225 cassatis

219 3265 327 3316 minum
344 3260 428 3314 beorn
453 3273 545 3322 suurn,
565 3271 697 3324 armaque
713 3270 762 3309 sua
783 3254 959 3323 deponerent,
980 3261 1008 3308 el
1058 3257 1118 3313 al).
1131 3275 1210 3329 papa,
1222 3270 1249 3313 et
1260 3258 1498 3330 tanquamnullius
1511 3259 1610 3313 valoris
1620 3261 1728 3329 penitus
1742 3275 1856 3316 resoca-

220 3354 280 3425 ipsc
293 3367 342 3407 eos
357 3353 474 3420 eriperet
489 3365 505 3403 a
521 3358 608 3402 morte
623 3346 777 3401 inrrninenti
792 3365 799 3400 :
814 3347 841 3400 in
865 3348 944 3416 cuins
963 3363 1004 3402 as·
1021 3367 1042 3424 g
1060 3351 1109 3417 tis;
1132 3366 1193 3405 curn
1217 3351 1288 3405 idem
1304 3366 1351 3405 rex
1373 3352 1568 3405 correctionem
1585 3349 1675 3406 Patris
1688 3351 1857 3407 sanctissimi

218 3444 404 3501 securationis
416 3441 615 3504 testimonium,
631 3439 705 3494 misit
715 3439 755 3494 eis
767 3439 902 3494 cucullam
911 3454 1007 3495 suam:
1061 3460 1114 3497 non
1126 3441 1370 3515 [essetlderotione
1382 3444 1517 3513 recipiens
1528 3444 1615 3510 liliali,
1629 3445 1675 3499 sed
1690 3445 1855 3514 transiisset,

220 3538 374 3594 monachus
390 3536 489 3607 qnippe
504 3543 573 3588 crat.
588 3532 626 3588 llli
646 3539 749 3596 autem,
773 3539 865 3600 utpote
880 3529 1009 3585 obstinati
1060 3545 1156 3590 contra
1170 3536 1329 3590 mandatum
1342 3536 1524 3606 apostolicum
1536 3536 1653 3606 superbe
1664 3538 1854 3605 recalcitrans,

219 3640 249 3684 et
266 3628 402 3683 diuinitus
417 3625 558 3691 excaecati,
580 3622 782 3693 responderunt
794 3622 879 3691 ¹quod
899 3636 945 3674 rex
959 3621 1011 3675 Ar·
1060 3629 1140 3700 qnasi
1161 3642 1209 3683 cor
1227 3628 1332 3682 babens
1351 3628 1448 3683 durius
1464 3628 1638 3693 induratum,
1653 3628 1718 3684 licet
1739 3643 1856 3684 reuera·

220 3723 385 3794 ragonensis
407 3720 509 3774 ricerat
526 3733 623 3773 omnes
647 3727 770 3782 nostros,
797 3716 943 3784 episcopus
960 3731 1011 3771 au·
1061 3719 1130 3775 biles
1144 3717 1247 3785 Patres,
1259 3716 1447 3774 Narbonensis
1458 3719 1682 3790 archiepiscopus
1695 3720 1854 3790 apostolicae

220 3827 276 3871 tem
293 3815 401 3870 uolebat
414 3829 462 3868 eos
475 3811 556 3866 morti
570 3811 688 3877 tradere,
703 3824 759 3863 non
774 3807 902 3863 salvare:
919 3816 947 3862 et
958 3808 1011 3863 hac
1061 3814 1136 3869 sedis
1147 3813 1252 3885 legatus
1265 3821 1292 3868 et
1311 3811 1464 3869 Tolosaous
1481 3814 1627 3883 episcopus
1642 3814 1693 3869 sibi
1711 3812 1816 3869 litteras
1829 3823 1857 3870 et

221 3911 255 3964 tle
276 3924 371 3968 causa.
393 3907 549 3961 aulercntcs
566 3903 703 3959 cliculllffl
726 3901 834 3968 iruntio,
847 3901 936 3970 ll⁵¹¹¹¹¹
951 3900 1011 3953 ¹³¹¹·
1061 3908 1221 3962 mandatum
1242 3906 1344 3962 summi
1369 3906 1508 3977 perutilicis
1525 3907 1762 3972 transmisissent,
1783 3907 1856 3963 mala

221 3999 277 4054 ccis
305 4000 424 4070 graviter
445 3999 634 4052 verberarunt.
661 3993 770 4048 interea
795 3993 896 4047 milites
922 3990 1011 4047 nostri
1061 4014 1123 4070 quae
1132 3998 1236 4068 pridem
1248 3998 1510 4069 conceperat,roluit
1522 3998 1697 4067 postmodum
1710 4000 1857 4073 parturire,

221 4092 430 4148 reterleltanlur
448 4107 464 4145 a
488 4091 572 4152 caede.
596 4104 660 4143 cum
680 4087 794 4141 vicwill
818 4085 950 4157 11011053,
964 4099 1011 4138 re·
1062 4092 1126 4163 quia
1144 4091 1172 4145 in
1186 4099 1288 4147 terram
1297 4106 1379 4162 quam
1390 4106 1439 4162 per
1453 4092 1580 4146 uirtutem
1594 4090 1641 4147 bei
1653 4092 1756 4147 auxilio
1765 4094 1857 4161 signa·

221 4188 383 4256 nlerrtesqua
405 4185 439 4239 ad
455 4185 530 4253 ipsos
545 4181 710 4249 Tolosanos,
731 4195 765 4236 ex
780 4180 847 4249 ipsis
858 4178 936 4251 plura
949 4177 1011 4252 mil·
1063 4193 1152 4239 torum
1166 4191 1260 4259 contra
1273 4184 1418 4243 haereticos
1441 4195 1578 4239 eteorum
1595 4182 1755 4241 defensores
1768 4183 1857 4239 iuerat

220 4278 439 4334 llaoccidcrunt.
1061 4278 1211 4349 acquisita,
1239 4277 1351 4332 intrarit
1374 4293 1437 4332 curn
1460 4277 1595 4341 exercitu,
1621 4291 1738 4347 eamque
1759 4287 1858 4334 contra

257 4372 324 4429 Post
346 4371 403 4424 hacc
416 4369 542 4439 pracepit
561 4383 654 4424 comes
671 4366 835 4438 quibusdam
850 4365 884 4420 de
897 4364 967 4431 suis,
982 4371 1013 4418 ul
1062 4372 1222 4427 mandatum
1240 4372 1421 4444 apostolicum
1445 4372 1592 4443 subjugare
1606 4387 1639 4427 ac
1654 4375 1792 4443 predictis
1804 4375 1859 4429 ini·

221 4463 422 4518 ducerenteunr
439 4462 471 4515 ad
484 4462 573 4515 locum
589 4459 634 4512 ubi
651 4474 698 4513 rer
709 4458 910 4528 Arragonensis
924 4455 1013 4510 luerat
1063 4465 1142 4520 micis
1157 4464 1270 4520 reddere
1294 4465 1457 4527 amentavit,
1475 4475 1552 4535 parre
1570 4465 1630 4535 ejus
1653 4476 1710 4520 rum
1733 4466 1785 4521 sipi
1806 4466 1858 4522 215.

222 4556 396 4622 interiectus;
411 4555 500 4610 locuni
514 4554 649 4623 siquidem
662 4561 688 4605 ct
704 4552 801 4606 horam
815 4551 1012 4606 interiectionis
1063 4557 1224 4627 quantulum
1246 4557 1406 4627 subiugata,
1418 4572 1480 4611 cum
1502 4573 1566 4628 pars
1579 4558 1665 4613 multa
1680 4558 1802 4625 residui,
1820 4561 1857 4615 ob

222 4648 310 4721 ipsius
331 4649 439 4718 penitus
458 4646 610 4717 ignorabat.
628 4642 746 4698 Verriens
768 4644 851 4714 igitur
870 4659 962 4698 comes
978 4641 1011 4696 ad
1064 4647 1151 4717 ipsius
1166 4649 1352 4714 securitatem,
1374 4657 1531 4719 apostatare
1547 4649 1715 4711 intenderet.
1731 4659 1759 4706 et
1778 4651 1857 4705 read

221 4728 1275 4808 locuurinrerritcorpusregishrragoneusisprostratumDagrosrgrandum
1301 4741 1357 4810 jam
1382 4749 1501 4809 paral-er,
1533 4740 1712 4811 Congregaqg
1742 4743 1857 4798 insimul

224 4836 251 4889 in
267 4833 359 4889 medio
383 4849 480 4903 carrrpo
507 4831 621 4894 nudum,
638 4829 742 4898 pedites
767 4828 901 4898 siquidem
926 4826 1013 4881 riostri

224 4931 314 5000 ipsum
329 4929 387 4998 jam
404 4929 587 4990 nudauerant,
603 4927 678 4993 quia,
696 4924 751 4978 uisa
771 4923 897 4988 victoria,
909 4920 1013 4991 egressi

224 5027 303 5074 eraut
315 5019 349 5072 de
364 5027 463 5082 castro,
477 5026 504 5069 et
521 5030 590 5083 quos
605 5013 694 5067 adlrtre
707 5015 781 5069 vivos
802 5014 924 5085 jacentes
938 5013 1015 5066 inve-

225 5115 285 5168 nire
296 5119 450 5182 potuerant,
460 5115 640 5178 peremerant.
652 5105 796 5162 Piissimus
807 5116 898 5161 autern
910 5119 1013 5170 cerates,

227 5206 322 5261 ridens
338 5218 428 5275 regem
449 5203 584 5273 jacentem
606 5209 791 5272 prostratum,
815 5199 958 5254 descendit
980 5199 1015 5253 de

226 5315 308 5372 equo,
321 5301 437 5353 alterurn
452 5296 537 5351 liavid
557 5311 638 5365 snper·
653 5293 719 5363 Sgul
734 5293 848 5348 alterum
864 5307 1015 5362 repraeseu·

228 5405 298 5448 taras.
315 5390 364 5450 llis
380 5391 510 5447 omnihus
529 5389 579 5444 rite
599 5386 732 5457 peractis,
744 5394 772 5440 et
786 5385 820 5439 de
840 5385 967 5439 hostibus
981 5386 1014 5439 ii·

227 5486 282 5552 dei,
300 5495 356 5540 tam
371 5482 560 5539 submersione
575 5495 657 5552 quant
676 5479 777 5551 gladio,
795 5478 905 5534 circiter
920 5476 1014 5548 uiginti

227 5581 350 5636 millibus
367 5576 533 5642 interiectis,
548 5573 803 5630 christianissimus
822 5587 915 5627 comes
934 5572 1015 5626 intel·

226 5676 314 5746 ligens
328 5683 435 5729 tantum
450 5671 624 5736 miraculum,
636 5668 684 5724 liei
699 5669 808 5734 uirtute,
821 5681 875 5720 non
889 5663 1016 5720 humanis

227 5768 333 5826 ricinus
352 5763 455 5821 lactum
474 5778 544 5828 esse,
560 5763 594 5817 ab
614 5762 661 5818 illo
681 5761 742 5816 loeo
756 5761 800 5815 nbi
823 5760 1015 5822 descenderat,

228 5863 321 5918 nudus
348 5858 432 5930 pedes
452 5857 486 5912 ad
510 5856 653 5912 ecclesiam
678 5854 816 5927 perrexit,
836 5851 1017 5922 omnipotenti

1065 4833 1212 4888 comitibus
1234 4832 1352 4897 Tolosae,
1371 4833 1439 4888 i'uri
1453 4843 1480 4888 et
1494 4832 1686 4889 Convenarum
1702 4847 1729 4890 et
1740 4835 1858 4893 Tolosa·

1066 4940 1163 4980 norun·
1180 4926 1302 4981 exercitu
1316 4941 1416 4995 magno
1427 4926 1506 4982 valde
1520 4924 1588 4981 ieris
1606 4941 1637 4980 nr
1653 4938 1715 4998 post
1725 4927 1859 4985 Nativita-

1065 5027 1119 5073 tem
1138 5019 1224 5075 beatae
1246 5018 1354 5083 llariae,
1381 5018 1488 5075 liurelli
1505 5010 1635 5077 'matrum
1656 5022 1763 5079 obsedit
1779 5041 1787 5078 a
1803 5040 1859 5094 quo

1065 5113 1159 5168 audito
1185 5111 1298 5168 latrum
1325 5114 1541 5180 uenerabilium,
1568 5116 1856 5188 archiepiscoporum,

1067 5204 1259 5276 episcoporum
1277 5215 1304 5260 ct
1328 5206 1477 5273 abbatum,
1491 5222 1562 5277 quos
1588 5208 1754 5264 uenerabilis
1777 5206 1860 5262 Pater

1066 5295 1253 5353 har-bonensis
1266 5297 1505 5367 archiepiscopus,
1517 5297 1765 5368 apostolicaesedis
1782 5298 1857 5368 lega-

1068 5396 1112 5444 tus
1130 5398 1240 5458 propter
1255 5398 1379 5444 sanetum
1403 5390 1542 5460 negotium
1559 5388 1662 5446 lecerat
1680 5391 1858 5462 congregari,

1067 5481 1115 5551 qui
1129 5490 1159 5534 ut
1179 5482 1212 5534 de
1224 5479 1298 5534 dicto
1316 5479 1426 5551 negotio
1449 5488 1477 5534 et
1494 5482 1528 5536 de
1547 5496 1614 5550 pace
1628 5489 1779 5537 tractarent
1796 5481 1859 5538 dili·

1068 5583 1162 5643 genter
1175 5572 1357 5638 adrenerant,
1372 5573 1400 5627 in
1415 5572 1528 5628 Christo
1541 5572 1687 5629 unanimes
1708 5583 1736 5628 et
1755 5573 1858 5639 devoti,

1070 5666 1165 5720 Simon
1177 5678 1270 5720 comes
1284 5662 1489 5730 llontis-lortis,
1500 5667 1604 5722 habens
1613 5680 1706 5721 secum
1722 5667 1859 5735 quosdam

1069 5758 1175 5814 nobiles
1197 5767 1224 5813 et
1246 5767 1369 5829 potentes
1396 5762 1619 5832 crucesignatos,
1640 5760 1687 5831 qui
1701 5760 1860 5831 nuperrime

1069 5851 1104 5906 de
1118 5849 1233 5907 Francia
1245 5860 1387 5917 reuerent,
1404 5851 1457 5923 ipsi
1474 5862 1501 5910 et
1515 5852 1617 5909 Christi
1634 5852 1744 5925 unctio
1756 5853 1785 5910 iu
1796 5868 1859 5911 suc·

245 6036 318 6122 ‘ibt
332 6041 505 6103 ilaslitteras
516 6037 552 6101 ll.
566 6034 645 6094 Paris
660 6033 776 6092 inseruit
791 6031 915 6092 ossioeae
928 6030 1032 6105 hngliae
1042 6027 1080 6124 ἦν
1096 6027 1201 6087 loarrne
1217 6044 1290 6103 rege,
1309 6027 1348 6120 ad
1355 6042 1390 6119 atr
1404 6115 1406 6120 Α
1421 6027 1502 6085 lili.
