4350 6709
222 536 275 594 ttt
506 535 678 594 blatootts
699 535 741 590 ott
757 531 1104 593 consttcrttaltoms
1123 535 1178 590 tint
1199 535 1244 591 ET
1264 535 1405 594 blNGUAE
1424 504 1598 594 ὓθίιθὸὢ.1
1792 539 1844 597 att

220 656 500 717 menta,utmaternis
510 657 647 712 interdum
655 655 784 727 lacrymis
793 654 905 724 quidam
916 671 931 708 a
941 668 1004 709 cun·
1016 665 1042 718 Α
1055 653 1083 708 iul
1106 661 1149 709 est
1174 654 1337 710 charitatem
1354 669 1409 710 noo
1434 655 1556 710 babenti.
1572 654 1629 710 Cur
1644 670 1698 710 nort
1712 656 1844 721 iutucris,

221 747 348 805 versione
359 748 544 803 retrahantur.
1055 745 1128 814 quod
1143 743 1214 801 lieus
1229 761 1317 807 meus,
1331 747 1378 817 qui
1393 762 1444 817 pro
1461 748 1550 803 salute
1562 746 1675 801 bomani
1696 749 1805 818 generis
1816 750 1845 806 io

255 840 340 895 Amor
355 839 427 896 Dei:
450 839 551 896 lerum
567 842 679 912 quidem
695 849 738 898 est
756 843 830 915 quod
848 843 927 899 dicis.
952 839 1006 896 Sed
1056 837 1190 893 mundum
1203 840 1287 904 venit,
1305 838 1441 895 interdum
1456 840 1597 895 imminum
1613 840 1784 895 consortium
1796 841 1845 897 de·

221 932 294 988 sicut
307 931 456 988 effeminati
480 932 605 988 femineis
626 933 734 990 fletibus
755 936 867 999 cedunt,
888 934 926 988 ita
941 933 1005 996 uiri,
1055 929 1176 994 clinavit,
1191 930 1330 986 desertum
1357 931 1453 995 subiit,
1465 946 1527 986 curn
1540 930 1636 986 bestiis
1648 930 1781 986 habitarit
1793 932 1805 985 l
1816 929 1844 987 st

221 1023 274 1078 boo
289 1033 332 1079 est
351 1022 423 1077 ririli
442 1031 532 1078 tuente
553 1023 659 1093 praediti
673 1025 789 1081 viriliter
808 1041 855 1081 eos
880 1030 1006 1078 coutem-
1055 1021 1207 1076 contemnis
1233 1021 1356 1092 exempla
1381 1022 1502 1076 uirorum
1529 1020 1778 1086 sanctissimorum,
1797 1023 1845 1091 qui

221 1121 301 1179 nunt,
316 1121 344 1169 et
365 1115 447 1171 siccis
461 1116 549 1172 oeulis
566 1118 601 1171 ad
620 1118 750 1172 vexillum
771 1118 863 1174 crucis
878 1117 1005 1180 evolant,
1055 1115 1194 1168 latuerunt
1208 1113 1236 1167 in
1251 1113 1369 1169 desertis
1388 1114 1466 1175 locis,
1482 1114 1565 1169 etiam
1581 1114 1724 1183 praeiatum
1737 1115 1845 1184 spernis

221 1209 491 1281 mundumoperibus
502 1210 671 1267 immundum
684 1212 829 1268 mundanis
837 1211 1006 1281 relinquunt,
1055 1206 1218 1276 exemplum.
1232 1204 1357 1261 Solitudo
1381 1206 1431 1261 tibi
1453 1206 1559 1261 videtur
1571 1204 1725 1276 spernenda
1735 1215 1846 1276 propter

220 1309 250 1358 ct
264 1301 423 1372 parentibus
434 1313 461 1359 et
476 1303 645 1372 quibuslibet
662 1305 759 1361 amieis
773 1305 886 1369 divitiis,
907 1304 1006 1366 domo,
1056 1303 1184 1374 praedicta
1201 1301 1356 1358 Salomonis
1366 1302 1467 1358 rerba?
1479 1301 1595 1357 Attende
1607 1300 1760 1371 diligenter,
1772 1299 1846 1372 quod

222 1396 324 1466 patria,
351 1395 422 1452 cibis
457 1396 621 1452 lautioribus
644 1405 671 1453 et
695 1397 823 1452 omnibus
849 1394 1007 1462 larriusmodi
1056 1393 1440 1460 idemSalomeudirerit,ubi
1459 1398 1682 1463 oppurtunumet
1698 1390 1846 1447 saluberri-

223 1484 306 1541 rcbus
320 1485 421 1555 spretis
436 1484 470 1539 ad
481 1487 622 1542 seruitium
646 1489 744 1543 summi
767 1485 849 1559 Regis
864 1503 894 1543 se
911 1495 1007 1543 traus·
1056 1502 1131 1543 mum
1148 1487 1215 1541 milri
1227 1486 1371 1542 consilium
1383 1483 1572 1541 desolitudine
1585 1483 1669 1540 dedit.

222 1575 324 1633 lerunt.
1092 1578 1196 1650 Linpato
1210 1578 1305 1633 doloso
1320 1597 1329 1634 .-
1343 1577 1414 1643 Quid
1426 1567 1526 1632 dixttt‘

258 1666 360 1739 binpato
373 1668 489 1725 dolosa:
506 1666 534 1724 Si
549 1669 655 1726 moriri
668 1684 700 1725 ac
716 1669 966 1726 lemlnaeinterdum
979 1668 1007 1724 in
1092 1672 1175 1725 Amor
1196 1670 1245 1724 bet
1261 1685 1270 1724 .·
1285 1668 1382 1724 lleiitts
1402 1679 1441 1724 est
1457 1669 1546 1723 sedere
1559 1668 1586 1722 in
1600 1668 1698 1738 sopato
1719 1667 1845 1735 domatis,

222 1758 320 1815 barre
338 1768 480 1831 superant,
506 1764 533 1815 in
554 1762 607 1817 boc
633 1762 712 1818 valde
734 1762 857 1834 gaudeo,
874 1761 946 1833 quud
960 1774 1009 1831 per
1056 1778 1137 1833 qaam
1151 1778 1210 1816 com
1223 1762 1333 1816 oculicre
1356 1761 1474 1833 titiqioao
1498 1761 1526 1815 io
1550 1759 1628 1815 domo
1650 1761 1729 1829 piene
1753 1759 1844 1832 (Pron.

223 1849 366 1907 bureticos
380 1850 496 1908 dilectus
508 1852 808 1919 mcosEcclesiam‚llei
818 1852 857 1907 tui
866 1865 1007 1922 sponsam,
1058 1853 1133 1926 xro).

222 1945 324 2013 saepius
340 1945 483 2000 conturbo.
1094 1946 1196 2018 linquo
1206 1945 1299 2000 doloso
1314 1961 1323 1999 .·
1339 1945 1398 2010 liic,
1411 1945 1474 2016 quis
1491 1945 1527 2000 sit
1538 1944 1649 2016 urtpolus
1664 1945 1791 2002 domatis.

258 2033 341 2087 Amor
354 2033 426 2092 bet.-
442 2034 530 2107 Super
546 2036 598 2091 bac
618 2052 647 2092 re
661 2036 711 2092 tibi
726 2037 808 2093 modo
822 2038 929 2109 plenius
949 2055 1008 2096 res-
1023 2010 1044 2065 B
1093 2041 1176 2092 Amor
1188 2037 1253 2094 liei:
1264 2040 1386 2108 angulus
1401 2037 1568 2095 domatisest
1582 2041 1637 2093 vita
1652 2039 1789 2110 religiosa,
1813 2035 1849 2092 ab

222 2129 341 2199 pondere
353 2130 428 2195 nolo,
445 2131 491 2187 sed
503 2131 623 2186 breviter
636 2131 709 2196 dieo,
726 2131 798 2201 quod
815 2131 861 2187 liei
882 2134 934 2188 mei
946 2147 1009 2203 per·
1059 2129 1135 2186 ouini
1145 2129 1269 2185 saeeulari
1282 2129 1391 2185 actione
1406 2138 1522 2186 remota.

223 2220 355 2278 missione
366 2237 461 2279 omnes
476 2221 595 2279 haereses
615 2208 728 2288 siut,'ut
741 2224 787 2294 qui
802 2224 909 2294 probati
924 2233 1007 2289 stunt,
1093 2221 1195 2293 Linque
1209 2221 1303 2277 doloso
1319 2237 1328 2275 .·
1343 2220 1410 2289 Quae
1422 2232 1465 2278 est
1478 2224 1573 2278 mulier
1590 2223 1726 2294 titipioael

223 2314 362 2370 manifesti
385 2314 462 2371 dant.
488 2314 557 2370 Nam
581 2316 621 2370 illi
643 2316 706 2371 coeli
731 2316 887 2381 luminaria,
903 2318 1010 2374 scilieet
1092 2316 1176 2370 Amor
1191 2315 1261 2370 Dei:
1277 2314 1375 2370 Mulier
1390 2317 1507 2387 titipiosu
1522 2326 1563 2373 est
1577 2318 1659 2386 hujus
1673 2317 1764 2375 secali
1775 2316 1848 2371 actio

223 2405 395 2475 Ambrosius,
422 2408 605 2481 Augustinus,
622 2407 803 2481 Hieronymus
823 2416 900 2465 tanto
920 2392 1009 2480 magis
1059 2409 1226 2475 turbulenta,
1240 2424 1301 2480 quae
1314 2409 1483 2464 amatoribus
1502 2410 1560 2464 suis
1576 2410 1747 2464 incessanter
1757 2414 1848 2462 moret

222 2497 354 2553 doctrine
378 2514 434 2556 suae
461 2500 553 2555 radios
589 2509 762 2572 sumserunt,
790 2507 894 2572 quanto
923 2502 1010 2573 magis
1055 2499 1157 2570 jurgia,
1184 2498 1313 2555 scandala
1335 2499 1464 2567 seminat,
1494 2500 1614 2554 immittit
1636 2498 1721 2565 litem,
1752 2497 1849 2553 dividit

223 2589 258 2645 ab
273 2588 410 2646 hereticis
425 2591 529 2650 dolosis
540 2593 740 2664 questionibus
763 2593 864 2665 pulsati
891 2603 964 2660 suut,
982 2601 1010 2649 et
1059 2592 1201 2655 unitatem,
1216 2606 1309 2662 pacem
1325 2592 1417 2656 violat,
1434 2593 1583 2647 amicitiam
1602 2591 1731 2661 dissipat,
1745 2603 1848 2660 eosque

224 2681 355 2750 praelatos
370 2682 485 2740 dilectos
499 2691 563 2741 tuos
587 2684 760 2752 detexerunt,
775 2686 898 2744 detectos
911 2685 1009 2742 conlu-
1059 2699 1110 2740 nec
1127 2685 1155 2739 in
1176 2684 1332 2755 semeptisis
1346 2685 1489 2754 quiescere
1504 2686 1580 2751 sinit,
1595 2699 1646 2740 nec
1673 2683 1701 2738 in
1725 2682 1847 2738 iratema

221 2775 332 2839 derunt,
351 2777 481 2834 contusos
495 2779 588 2848 sperni
604 2778 737 2835 lecerunt.
1058 2777 1207 2834 dilectione
1221 2793 1361 2833 connexos
1377 2792 1439 2834 esse
1452 2778 1597 2848 permittit.

258 2869 361 2942 Linque
375 2871 470 2926 doloro
482 2889 492 2929 .·
503 2871 636 2944 Superius
645 2873 679 2930 de
692 2872 872 2930 conversione
881 2888 1010 2941 quorum·
1093 2869 1197 2941 Linque
1218 2869 1311 2925 doloso
1324 2885 1334 2924 :
1349 2869 1498 2942 Postquam
1525 2868 1692 2940 respondisti
1718 2869 1784 2924 milri
1813 2867 1849 2924 da

225 2963 290 3018 dam
305 2963 636 3037 loquebaristquomodo
660 2964 765 3022 adalia
787 2966 880 3022 subito
901 2966 1009 3038 digres-
1060 2962 1194 3029 eremitis,
1220 2962 1265 3018 dic
1289 2962 1355 3034 quid
1385 2962 1433 3018 tibi
1461 2962 1586 3019 rideatur
1608 2961 1642 3017 de
1665 2960 1792 3023 inclusis,
1814 2958 1848 3015 dc

225 3055 335 3109 auses?
433 3114 437 3127 ⁸
1058 3059 1159 3130 quibus
1178 3057 1231 3112 boc
1252 3069 1368 3123 assero,
1400 3054 1473 3126 quod
1504 3054 1654 3110 vanissima
1682 3054 1719 3108 sit
1751 3068 1848 3108 corum

260 3143 342 3198 Amor
358 3145 429 3201 Dei:
445 3147 585 3218 Respondi
599 3146 721 3202 stulticie
741 3155 805 3213 tuae,
821 3162 885 3204 cum
902 3148 1009 3205 diceres
1058 3149 1125 3211 vita,
1141 3161 1210 3219 quos
1222 3161 1299 3202 amor
1309 3145 1357 3201 liet
1368 3145 1408 3201 tui
1421 3161 1475 3201 non
1488 3146 1564 3217 ligat,
1579 3144 1626 3200 sed
1634 3143 1753 3215 parietes
1769 3150 1849 3197 coar·

225 3239 252 3289 te
267 3233 295 3288 in
310 3235 390 3290 rebus
406 3237 532 3306 pessimis
542 3236 663 3308 gavisam
676 3253 747 3294 esse.
1059 3246 1147 3297 etant.

265 3324 369 3396 Linque
383 3326 476 3381 doloso
489 3343 499 3382 .·
514 3326 649 3394 Quoniam
674 3344 771 3386 rursus
784 3330 819 3387 de
832 3332 1011 3389 conversione
1024 3359 1045 3417 c
1098 3333 1181 3387 Amor
1193 3330 1264 3387 liri:
1280 3329 1349 3386 Cum
1363 3329 1506 3399 diligenter
1529 3328 1649 3392 attendo,
1662 3375 1667 3395 ,
1678 3327 1759 3382 rideo
1775 3325 1848 3395 quod

225 3417 275 3472 rtbt
297 3418 370 3489 loqui
395 3420 494 3490 placet,
520 3420 577 3487 dic,
600 3437 703 3491 quaeso,
718 3439 767 3478 cur
784 3440 838 3480 non
853 3426 1011 3481 consideras
1062 3422 1366 3480 stultitiaetuaenullum
1388 3419 1499 3475 modum
1524 3420 1652 3489 imponis.
1681 3417 1753 3474 Dicis
1776 3418 1848 3472 enim

226 3511 358 3583 quosdam
371 3514 399 3566 in
413 3522 534 3568 aratrum
548 3529 660 3569 manum
674 3514 791 3580 misisse,
802 3525 829 3571 et
842 3523 916 3573 retro
931 3531 1011 3587 aspe·
1062 3514 1134 3587 quod
1149 3514 1271 3569 inclusos
1284 3512 1402 3583 parietes
1415 3518 1567 3571 coarctant,
1580 3508 1627 3564 sed
1644 3507 1691 3561 ilci
1708 3507 1761 3562 mei
1773 3521 1849 3559 amor

225 3603 310 3668 aisse,
323 3604 438 3675 ideoque
453 3620 536 3677 reqno
548 3606 594 3662 liei
615 3606 654 3660 tui
671 3615 749 3678 aptos
762 3622 818 3662 nort
835 3622 905 3663 esse.
1062 3623 1117 3663 uon
1130 3606 1205 3677 liqut.
1221 3605 1278 3661 Cur
1294 3605 1346 3660 sibi
1361 3603 1558 3659 subtraxerunt
1574 3613 1749 3656 communem
1765 3598 1849 3666 liujus

260 3696 344 3750 Arnon
358 3695 427 3751 Dei:
441 3695 564 3754 breuiter
573 3699 725 3770 respondeo
737 3699 784 3754 tilti
798 3720 805 3756 ε
818 3698 903 3756 Video
914 3699 1011 3756 ludam
1063 3704 1125 3759 ritae
1146 3703 1364 3773 qualemcunque
1390 3698 1554 3760 libertatem,
1580 3695 1633 3750 nisi
1656 3703 1686 3748 ut
1710 3693 1848 3748 emlestetn

225 3786 370 3850 cecidisse,
385 3803 418 3844 ac
433 3789 461 3844 in
474 3804 555 3846 eoeno
580 3791 709 3847 uitiorum
732 3793 925 3863 permansisse.
948 3791 1012 3864 Seio
1062 3803 1296 3864 consequerentur
1313 3791 1506 3848 dulcedinem?
1526 3789 1549 3842 b
1570 3787 1710 3844 communi
1728 3786 1849 3840 collocu-

225 3878 337 3936 Petmm
360 3889 403 3937 ter
422 3898 546 3953 negasse.
567 3891 595 3939 ct
616 3882 727 3941 lletibus
749 3884 858 3955 eulpam
881 3884 1011 3952 diluisse;
1062 3891 1137 3943 tione
1149 3885 1289 3940 hominum
1307 3899 1338 3940 se
1353 3899 1407 3939 uon
1419 3889 1585 3943 coercerent,
1603 3878 1656 3934 nisi
1675 3886 1704 3932 nt
1719 3877 1774 3931 lieo
1789 3890 1850 3929 unce

227 3974 347 4044 respexit
361 3974 432 4029 enim
444 3991 505 4030 eum
516 3974 657 4037 bossinus,
669 3985 694 4031 et
710 3976 783 4032 derit
797 3990 889 4032 amare
902 3976 1010 4048 (llottb.
1062 3980 1177 4036 liberius
1193 3987 1333 4033 vacarent.
1347 3976 1425 4042 Quod
1437 3975 1460 4031 si
1476 3973 1586 4044 quidam
1599 3971 1707 4026 illorum
1723 3968 1850 4041 bypocri·

226 4065 312 4134 ¹¹V1l·
541 4057 545 4062 ¹
1063 4073 1107 4129 sin
1121 4072 1194 4127 intra
1205 4085 1235 4126 se
1250 4075 1411 4140 contegunt,
1435 4082 1489 4121 nou
1506 4073 1598 4121 tamen
1612 4065 1647 4120 dc
1660 4063 1767 4118 cunctis
1787 4076 1850 4117 sen-

263 4156 390 4215 Cottoret
405 4171 465 4214 onte
479 4161 530 4216 soli
540 4177 608 4215 none
622 4171 689 4217 tenet
700 4172 774 4217 ostro
789 4164 854 4232 puli.
1063 4163 1187 4219 tiendum
1200 4170 1253 4228 est,
1268 4161 1340 4232 quod
1355 4160 1389 4216 de
1404 4158 1579 4230 quibusdam,
1597 4164 1624 4212 et
1644 4157 1671 4210 in
1685 4153 1851 4226 quibusdam

264 4249 367 4320 Linque
379 4252 472 4306 doloso
485 4269 494 4307 :
508 4251 595 4308 Pensa
610 4252 778 4324 diligentius,
796 4261 824 4309 et
847 4253 908 4310 uitle
927 4255 1013 4309 multa
1063 4256 1205 4313 sinistrum
1230 4252 1288 4309 lore
1304 4252 1479 4324 cognoscitur
1493 4259 1521 4306 et
1539 4247 1762 4320 deprehenditur,
1779 4261 1849 4316 quo·

227 4339 285 4408 jum
300 4356 361 4396 esse
378 4357 477 4411 genera
497 4357 704 4408 conversorum.
727 4345 876 4416 dequibus
890 4360 941 4416 ego
955 4347 1014 4417 ple·
1063 4365 1125 4407 rum
1155 4347 1272 4403 Sabbata
1295 4347 1387 4401 hostes
1400 4345 1494 4400 rident
1511 4351 1537 4398 et
1558 4342 1701 4407 ‹lerident;
1724 4339 1851 4411 quamvis

229 4431 294 4486 ‘¹³¹¹'
309 4432 381 4502 ¹⁰l¹¹l
393 4433 541 4504 d⁰d¹l¹¹⁰l3
560 4435 607 4492 ⁸01¹
626 4435 654 4492 5¹¹
668 4439 720 4492 iria
732 4453 832 4509 80⁰0st
844 4452 893 4494 00⁵
903 4438 1012 4504 divido,
1063 4445 1136 4501 enim
1149 4441 1293 4513 quiescant
1306 4455 1321 4494 a
1336 4453 1420 4510 pravo
1435 4452 1527 4508 opere,
1543 4450 1597 4489 non
1609 4433 1851 4502 tamenquicseunt

230 4525 335 4581 scilicet
349 4527 487 4595 eremitas,
503 4530 666 4595 coenobitas,
684 4538 711 4587 et
732 4531 865 4598 inclusos,
879 4538 909 4585 ut
924 4532 1015 4587 brevi·
1064 4547 1176 4605 aprava
1188 4531 1363 4601 cogitatione.
1377 4527 1430 4582 Alii
1446 4540 1510 4582 vero
1527 4530 1652 4582 sanctum
1667 4522 1768 4576 liabent
1782 4519 1852 4574 Sab-

231 4625 273 4673 ter
283 4618 424 4673 ostendam
440 4635 536 4676 omnes
546 4621 708 4678 contusione
723 4622 821 4694 dignos
831 4639 903 4681 esse.
1064 4625 1171 4687 batum,
1186 4623 1233 4693 qui
1248 4629 1346 4677 vacant
1358 4630 1384 4675 et
1396 4620 1498 4681 uident,
1514 4617 1643 4688 quoniam
1659 4613 1731 4669 Deus
1751 4624 1805 4678 oet,
1824 4618 1851 4665 et

266 4709 348 4764 lutor
362 4709 412 4763 liei
427 4709 530 4775 :Tace
547 4728 649 4782 qureso,
664 4723 733 4771 tace.
1029 4697 1121 4772 1’mm
1136 4717 1224 4771 solum
1239 4729 1254 4768 a
1271 4727 1399 4784 perverso
1416 4711 1562 4781 quieseunt
1576 4722 1673 4777 opere,
1695 4690 1850 4765 sed'etiam,

268 4801 361 4856 Desine
371 4803 470 4871 pronde
484 4801 569 4872 loqui,
587 4805 685 4874 tranptt
697 4804 1013 4877 Dessomneroperbum.
1065 4816 1199 4881 quantum
1223 4813 1350 4877 possunt,
1376 4804 1521 4874 quiescunt
1535 4816 1551 4853 a
1566 4812 1636 4853 rana
1663 4794 1849 4850 meditatione.

231 4891 293 4946 llac
307 4890 434 4947 conlusio
447 4891 475 4945 in
489 4900 570 4962 caput
581 4902 657 4949 tuum
672 4895 844 4953 redundabit.
1066 4899 1173 4967 Quibus
1183 4899 1262 4968 juxta
1274 4895 1432 4950 vaticinium
1443 4890 1581 4948 lsaiaeerit
1596 4888 1692 4942 mensis
1707 4901 1740 4942 aa
1753 4900 1850 4958 urenae,

266 4983 368 5055 Linque
384 4982 494 5040 doloro:
509 4982 689 5042 Eremitarum
702 4993 883 5056 consortium,
895 4999 924 5046 ut
933 4991 1015 5056 nosti,
1065 5002 1091 5049 et
1102 4990 1248 5048 Sabbatum
1261 5003 1294 5043 ex
1304 4985 1419 5043 Subboto
1435 4982 1514 5055 (lsai.
1528 4980 1613 5051 aaut).

232 5092 345 5148 prorsus
363 5071 405 5131 est
416 5075 569 5144 vitandum,
582 5085 609 5133 et
621 5093 717 5133 eorum
728 5079 783 5136 rita
794 5082 961 5152 contemptui
973 5089 1016 5139 est
1102 5082 1206 5153 ttnpua
1218 5079 1328 5134 dolosa:
1344 5075 1414 5144 Quid
1424 5082 1466 5131 est
1481 5073 1614 5144 hocquod
1637 5069 1719 5126 modo
1733 5068 1825 5126 dixisti
1840 5067 1853 5121 l

233 5170 367 5225 babentia.
383 5167 453 5224 Surnt
471 5169 543 5224 enim
560 5169 588 5224 iu
603 5171 762 5237 solitudine,
777 5190 860 5244 quam
887 5158 1016 5231 Salomon
1101 5174 1184 5229 Amor
1198 5171 1269 5226 Dei:
1286 5167 1316 5224 ln
1327 5184 1415 5222 amitae
1428 5165 1561 5237 perfectio
1573 5164 1678 5219 dierum
1692 5172 1745 5228 est,
1760 5171 1787 5216 et
1804 5168 1853 5230 ptr

232 5272 259 5318 te
272 5262 366 5318 docuit
384 5263 535 5333 despicere,
553 5278 616 5317 cum
633 5262 756 5319 diceret:
777 5263 872 5320 Melius
894 5274 934 5320 cat
950 5265 1016 5321 door
1066 5264 1166 5322 eumin
1178 5263 1230 5318 boc
1245 5262 1305 5316 loco
1319 5259 1480 5328 intelligitur
1493 5254 1626 5326 perfectio
1640 5268 1753 5324 operum
1764 5268 1771 5304 :
1784 5249 1853 5307 Sob-

233 5354 314 5410 simoi
332 5370 476 5425 essequam
493 5371 585 5410 anain.
610 5354 715 5410 liabent
729 5357 799 5411 enim
813 5357 1017 5412 emolamentum
1067 5358 1158 5412 batum
1169 5363 1259 5410 autem
1268 5354 1296 5407 in
1308 5352 1429 5407 bocloco
1443 5356 1567 5406 sanctam
1580 5348 1702 5418 requiem
1715 5344 1850 5414 designat.

234 5446 368 5499 societatis
379 5461 445 5500 aooe.
466 5443 538 5500 Unus
549 5447 574 5500 si
587 5444 721 5510 ceciderit,
735 5445 767 5500 ab
783 5447 868 5501 altere
882 5447 1015 5518 fulcietur.
1067 5444 1119 5512 Qui
1130 5457 1195 5514 erqo
1209 5442 1237 5497 in
1252 5442 1305 5496 boc
1315 5440 1416 5496 saeculo
1431 5438 1623 5510 perlectionem
1636 5436 1738 5490 babent
1749 5434 1852 5504 operis,

240 5535 285 5590 Vc
306 5534 367 5600 soli,
387 5536 449 5606 quio
468 5535 491 5589 si
514 5539 647 5604 ceciderit,
670 5555 721 5593 non
740 5536 817 5593 tuter
840 5537 1018 5594 sublevantem
1067 5543 1130 5608 post
1144 5537 1195 5590 boo
1208 5534 1347 5588 habebunt
1364 5530 1559 5602 perlectionem
1578 5537 1679 5584 sanctae
1693 5525 1853 5582 retributio-

234 5625 331 5701 (Eccli.
346 5628 396 5701 rr).
1067 5631 1129 5695 nis,
1143 5627 1231 5698 etqui
1246 5640 1319 5682 minc
1340 5626 1486 5696 quiescunt
1505 5639 1520 5677 a
1544 5636 1674 5692 perverso
1688 5635 1770 5691 opero
1788 5635 1852 5674 eunt

268 5718 412 5776 dmorllei
426 5736 436 5776 .·
451 5717 528 5776 illum
539 5721 705 5788 sotsmdicu,
723 5723 770 5794 qui
784 5732 889 5779 tantum
899 5723 1017 5795 quaerit,
1067 5722 1159 5778 cordis
1173 5720 1302 5792 puritate,
1317 5728 1411 5790 postea
1426 5717 1461 5773 ab
1476 5716 1551 5771 omni
1570 5713 1670 5769 mentis
1686 5721 1714 5769 et
1728 5711 1854 5782 corporis

238 5825 301 5883 quae
311 5826 361 5867 sua
381 5815 458 5877 snut,
472 5824 527 5865 non
539 5825 600 5882 quar
611 5811 677 5869 lesu
691 5813 794 5871 Christi
807 5813 893 5886 (rtet.
909 5813 955 5884 rt);
970 5814 1017 5886 qui
1068 5817 1161 5872 labore
1173 5813 1346 5885 requiescent
1360 5811 1388 5867 in
1409 5809 1571 5875 aeternitate,
1586 5814 1614 5864 et
1628 5813 1691 5878 post
1705 5803 1852 5860 Sabbrtttttr

236 5908 260 5963 si
275 5906 350 5961 mille
363 5905 400 5962 sit
415 5905 542 5978 stipatus,
557 5915 647 5963 tamen
655 5908 724 5964 bene
737 5908 838 5966 dieitur
851 5909 943 5975 solus,
953 5908 1019 5980 quia
1068 5909 1127 5981 spei
1141 5907 1281 5964 habebunt
1296 5903 1445 5961 Sabbatum
1456 5902 1568 5973 requici.
1678 5924 1682 5931 ·

236 5996 408 6056 aulilectione
423 5999 541 6058 tratum
549 6007 590 6057 est
604 5999 717 6062 alienus.
730 5999 776 6059 lae
789 6003 871 6075 iqitur
884 6002 934 6060 soli
944 5998 1018 6068 buic,
1087 5992 1208 6074 ,linquo
1218 5998 1334 6055 uotum:
1349 5997 1417 6055 Cum
1429 5995 1550 6056 eremitis
1566 6004 1593 6053 et
1610 5992 1723 6053 inciens
1743 5999 1852 6063 propter
