4350 6709
278 574 333 635 itti
795 573 1005 630 TRACTATUS
1022 573 1208 632 ADVERSUS
1225 575 1388 633 tubabit.
1848 582 1900 641 m

274 694 396 757 amuis,
410 702 440 746 ut
452 701 558 748 constat
567 708 599 748 er
611 709 638 748 n.
656 692 690 747 ld
705 700 730 746 et
748 691 794 754 ¹10,
808 692 897 744 onrrnia
908 691 1025 758 ipsorum
1038 690 1214 762 subtersupia,
1226 707 1309 745 narras
1320 700 1345 746 et
1357 691 1449 746 inanes
1461 690 1606 774 Scriptura:
1621 692 1859 762 interpretationes,
1870 708 1903 755 st

277 767 375 832 optime
388 773 507 828 roserat,
523 764 562 818 ita
587 761 672 817 solide
685 761 792 832 refellit,
808 761 835 815 id
848 761 917 830 puori
932 761 1009 830 [scili
1021 765 1123 831 nepotio
1137 760 1326 828 deprehendere
1339 762 1398 815 lieet
1412 777 1444 816 ea
1465 761 1574 818 lectione
1585 764 1716 832 sequentis
1744 762 1899 830 Tractatus,

276 837 307 890 iss
320 851 373 918 quo
385 835 645 905 musteriumsanctoe
658 832 808 896 Trinitatis,
825 831 947 902 iepaiium
961 832 1060 885 rituum
1085 830 1293 902 abscontionem,
1310 831 1426 901 l's'rpinis
1446 841 1595 901 conseptum
1618 845 1643 887 et
1661 842 1784 902 partum,
1801 832 1903 892 Clrrlsti

278 905 456 967 diuinitatem,
468 903 624 959 iudeorum
638 903 857 972 reprobationem,
873 902 989 971 peantium
1003 901 1165 955 uocationem
1179 917 1212 957 es
1227 905 1304 956 certis
1321 912 1347 956 et
1361 902 1516 956 indubitatis
1536 900 1635 958 Veteris
1656 903 1816 960 Testamenti
1826 909 1903 961 testi-

280 975 378 1031 moniis
388 985 413 1029 et
424 975 584 1045 arpumentis
602 972 771 1041 comprobare
792 974 902 1035 nititur;
914 981 1018 1026 atatem
1037 985 1097 1026 aero
1121 989 1198 1026 suum
1210 972 1310 1026 indicat
1325 975 1380 1042 ipse
1395 983 1486 1026 auctor
1505 991 1532 1028 n.
1547 973 1592 1038 bl,
1606 973 1651 1027 ubi
1663 974 1718 1030 brec
1733 975 1831 1032 babet:
1843 977 1903 1032 llil-

279 1047 395 1102 leslnxus
409 1046 576 1101 centesimus
592 1044 790 1126 sexagesimus,
809 1042 877 1098 meis
892 1042 1147 1111 nlicotemporibns.
1157 1044 1214 1110 jam
1231 1059 1320 1100 annus
1341 1044 1491 1106 evolvitur,
1521 1059 1554 1098 ex
1581 1059 1635 1114 qno
1657 1043 1742 1100 Filius
1760 1046 1902 1117 virginalis

279 1116 384 1172 effulsit
397 1116 425 1170 in
441 1114 553 1170 mundo.
571 1113 647 1168 idem
663 1111 1054 1183 annuitn.18.Porropraeter
1076 1112 1145 1165 bunc
1169 1122 1323 1179 tractatum,
1337 1130 1412 1184 quem
1433 1130 1465 1168 ea
1488 1114 1568 1168 ueteri
1589 1115 1677 1168 codice
1704 1118 1858 1172 monasterii
1869 1111 1899 1172 S.

281 1187 358 1241 Petri
372 1184 534 1242 Gemellensis
549 1185 576 1237 in
590 1184 696 1239 diaecesi
707 1182 862 1237 Ebroicensi
880 1199 1009 1237 annorum
1021 1183 1126 1237 circiter
1141 1179 1192 1238 5⁰0
1207 1183 1405 1254 descripsimus,
1420 1185 1503 1239 alium
1524 1183 1556 1238 de
1574 1187 1700 1255 serpentis
1717 1188 1817 1242 astutia
1827 1189 1903 1243 etin*

276 1257 352 1312 sidia
364 1257 524 1328 composuit,
539 1254 615 1325 eujus
626 1254 743 1309 meminit
759 1269 787 1307 n.
808 1251 853 1306 ta.

276 1435 1882 1468 mmm-*M
1904 1427 1909 1472 ι’

737 1577 862 1636 lsclnlb
882 1571 1095 1636 TlleTATUS
1115 1578 1254 1636 CONTRA
1272 1580 1434 1639 tuamen,

364 1894 497 1951 adsersus
511 1891 620 1948 Judaos
630 1892 761 1961 quomodo
775 1876 976 1963 disputandam.
1080 1896 1102 1954 Α
1118 1890 1258 1947 studemus
1275 1890 1473 1948 assertionibus
1488 1893 1691 1963 prophetarum,
1713 1894 1814 1966 quibus
1836 1911 1905 1955 oon«

310 1989 337 2044 l.
358 1985 518 2058 Scripturas
540 1993 635 2040 cantra
658 1984 792 2049 Judaeum,
818 1999 911 2056 quaeso
934 1985 1063 2040 lectorem
1120 1984 1203 2040 traire
1216 1990 1271 2038 nan
1287 1993 1412 2054 possunt,
1428 1993 1455 2040 et
1481 1985 1633 2056 illudqaod
1646 1986 1763 2043 maxime
1786 2003 1907 2051 erasum·

271 2073 301 2138 in
322 2079 431 2154 primis,
457 2094 490 2134 ue
505 2080 532 2133 in
553 2078 597 2133 luis
619 2093 680 2148 quse
695 2076 813 2134 dicenda
828 2084 892 2135 sant
906 2084 1010 2148 quaerat
1021 2077 1064 2146 ja·
1116 2077 1227 2142 babent,
1238 2075 1366 2133 videlicet
1377 2075 1462 2133 Deum
1472 2077 1609 2134 bominem
1622 2070 1724 2134 'iactum
1739 2082 1904 2141 auctoritate

272 2173 405 2228 stantiam
419 2170 589 2227 saecularium
604 2169 767 2234 litterarum,
777 2169 827 2225 sed
839 2168 1064 2241 potiusaiiectum
1116 2168 1308 2238 prophetarum
1335 2182 1428 2223 verum
1452 2182 1514 2226 esse
1529 2171 1728 2237 convincimus,
1745 2179 1775 2228 ιιι
1802 2174 1831 2230 in
1859 2189 1904 2231 sa·
1922 2158 1927 2165 ’

274 2270 378 2319 nostrae
392 2261 547 2334 parvitatis.
571 2261 699 2316 Amendae
710 2261 798 2331 magis
818 2277 869 2319 nos
885 2261 1022 2318 studuisse
1033 2260 1065 2316 ll-
1116 2259 1261 2329 questibus
1281 2259 1522 2317 demonstrabitur.

273 2356 317 2412 dci
332 2355 467 2410 rationem
483 2368 628 2424 exponere,
654 2368 736 2424 quam
751 2361 862 2423 captare
886 2353 981 2411 laudes
1008 2355 1065 2411 elo·
1117 2350 1160 2405 Ea
1171 2352 1301 2423 principio
1322 2351 1428 2409 Genesis
1443 2353 1571 2424 probatur
1582 2356 1734 2425 mysterium
1753 2357 1902 2416 Trinitatis.

273 2445 394 2518 quentiae
404 2444 546 2501 Tullianae.
568 2443 630 2501 llaec
652 2446 752 2515 quippe
773 2451 868 2501 nostra
884 2444 998 2515 simplex
1023 2445 1066 2499 in·
1150 2445 1178 2504 ι.
1191 2446 1225 2499 ln
1239 2447 1366 2514 principio
1377 2448 1475 2501 creauit
1489 2446 1559 2501 Deus
1571 2447 1663 2502 cutam
1674 2457 1699 2503 et
1712 2458 1811 2504 terram
1825 2447 1902 2522 (Gen.

273 2545 371 2600 ιοιιιιο.
385 2537 445 2608 ipso
454 2537 616 2608 inspiciente
634 2537 680 2608 qui
701 2544 842 2593 scrutatur
855 2552 935 2593 renes
944 2545 971 2593 et
982 2537 1065 2593 corda
1117 2539 1148 2610 ι).
1166 2539 1217 2594 llic
1245 2538 1362 2611 primurn
1377 2539 1443 2596 libet
1465 2540 1636 2611 interrogare
1652 2539 1785 2606 ludaeum,
1809 2551 1903 2600 utrum

274 2629 557 2698 (Psal.m1l,n0ne0
579 2630 712 2700 procedit,
726 2639 756 2686 ut
770 2629 857 2686 simus
868 2630 958 2686 inanis
972 2631 1066 2701 gloriae
1117 2630 1190 2687 dicat
1212 2629 1298 2686 Deum
1319 2629 1381 2685 coeli
1402 2637 1430 2685 et
1451 2638 1530 2686 terre
1554 2630 1640 2687 inisse
1664 2632 1839 2703 principium,
1867 2648 1904 2690 aa

273 2723 366 2794 cupidi
379 2738 388 2789 ;
401 2721 448 2778 sed
463 2731 493 2776 uc
513 2722 547 2779 de
564 2720 714 2794 Scripturis
732 2731 827 2779 contra
853 2722 995 2794 perlldiam
1017 2724 1066 2780 lu·
1117 2723 1217 2777 coelum
1230 2729 1257 2777 et
1269 2731 1371 2778 terram
1394 2721 1468 2777 aliud
1491 2722 1620 2781 babuisse
1631 2724 1794 2796 principium
1806 2735 1905 2796 presse

273 2814 409 2878 deorum,
438 2814 485 2885 quii
510 2814 657 2871 detrabunt
682 2815 744 2872 ndei
768 2815 942 2884 christianae,
975 2819 1066 2888 aliqua
1117 2811 1212 2869 licum.
1224 2811 1305 2868 Forte
1318 2812 1444 2868 dicturus
1462 2820 1504 2868 est
1520 2814 1585 2869 illud
1600 2829 1662 2871 esse
1676 2814 1839 2887 principium
1851 2831 1906 2872 ccc«

273 2907 442 2983 respendere
461 2907 547 2963 simus
574 2908 711 2964 instructi,
739 2907 804 2964 llihi
828 2910 919 2966 scribo
943 2910 1067 2980 meisque
1118 2903 1136 2958 li
1148 2910 1272 2971 etterrre,
1284 2904 1358 2975 qnod
1372 2908 1514 2974 creperum
1531 2906 1659 2963 existere.
1676 2905 1704 2961 Si
1720 2908 1756 2962 lta
1779 2914 1833 2975 est,
1846 2906 1905 2975 jnm

274 2996 425 3061 similibus,
456 3014 511 3053 non
530 2999 637 3070 magnis
664 3014 696 3054 ac
722 2999 892 3070 sapientibus
911 3001 990 3063 viris,
1020 3001 1066 3072 qui
1118 2993 1190 3051 Dens
1200 3010 1255 3051 non
1278 2996 1332 3053 eril
1347 2997 1411 3051 coeli
1429 3005 1456 3053 et
1466 3004 1546 3053 terrm
1561 2998 1737 3070 principium,
1753 3000 1818 3071 qxnia
1832 3015 1905 3056 nun-

272 3091 352 3162 juxis
364 3091 473 3147 beatum
485 3089 645 3161 Apostolum
657 3106 763 3163 seraper
778 3093 865 3163 parati
878 3100 941 3149 sunt
952 3108 1067 3164 respon·
1118 3102 1199 3158 quam
1222 3102 1284 3144 esse
1295 3089 1398 3158 coepit;
1413 3088 1460 3144 sed
1479 3090 1513 3143 ab
1524 3104 1557 3144 eo
1572 3089 1655 3161 coepit
1666 3105 1747 3147 omne
1759 3091 1905 3163 essequod

274 3183 341 3240 dere
361 3184 395 3240 tle
413 3198 444 3239 ea
470 3195 532 3254 qdae
567 3184 594 3238 in
610 3185 689 3239 nobis
708 3192 751 3240 cst
766 3201 824 3255 spe,
840 3184 887 3242 sed
902 3184 1067 3257 illisquibus
1119 3186 1246 3236 ereatura
1258 3187 1310 3236 est.
1326 3179 1399 3251 Erpa
1422 3181 1480 3252 ipse
1492 3182 1657 3253 principium
1674 3185 1760 3240 totius
1772 3192 1905 3241 creaturas

274 3289 384 3330 mecum
413 3275 470 3330 sola
482 3274 581 3330 subicit
591 3275 657 3331 lldes
671 3282 699 3331 et
709 3283 804 3332 sancta
814 3276 987 3347 simplicitas.
1006 3275 1067 3331 Sei·
1082 3250 1104 3305 Β
1118 3283 1169 3330 est.
1184 3271 1211 3328 st
1227 3272 1300 3329 Deus
1312 3273 1476 3344 principium
1488 3273 1573 3328 totius
1586 3281 1720 3330 creatura
1732 3284 1785 3339 est,
1797 3283 1905 3330 nonest

276 3364 422 3422 musenim
433 3364 496 3436 quia
509 3380 621 3437 regnum
635 3363 682 3421 llei
694 3380 749 3420 uon
766 3373 809 3421 est
824 3366 851 3420 in
868 3380 1004 3432 sermone,
1016 3382 1067 3423 nee
1117 3361 1191 3417 aliud
1216 3363 1381 3433 principium
1411 3361 1440 3416 in
1464 3377 1520 3432 quo
1548 3372 1649 3418 cuncta
1674 3364 1779 3418 crearis
1805 3373 1906 3435 praeter

277 3455 307 3512 iu
323 3455 466 3512 dialectica
491 3457 688 3526 disputatione,
707 3457 755 3513 sed
769 3458 798 3512 in
813 3457 876 3513 lidei
890 3457 1067 3528 simplicitate
1116 3456 1226 3525 ipsum;
1243 3455 1271 3509 in
1297 3454 1357 3525 ipso
1380 3466 1499 3525 namque
1517 3462 1560 3510 est
1584 3455 1649 3510 illud
1674 3455 1702 3510 in
1729 3469 1785 3527 quo
1805 3464 1905 3513 cuncta

276 3547 418 3604 consistit.
436 3544 610 3617 Quapropter
629 3547 702 3603 sicut
717 3546 877 3603 benevolum
908 3547 1067 3603 emendato·
1116 3545 1229 3609 creavit,
1254 3544 1399 3602 attestante
1420 3546 1556 3617 Propheta
1577 3547 1623 3618 qai
1635 3547 1692 3605 ait:
1706 3547 1843 3603 Omnioin
1859 3565 1906 3605 ra·

275 3653 335 3696 rem
348 3637 524 3711 requirimus,
541 3638 579 3693 ita
603 3638 790 3708 detractorem,
802 3638 964 3693 malevolum
991 3639 1067 3695 dete·
1114 3637 1212 3706 pientia
1234 3637 1320 3708 feristi
1336 3638 1424 3708 (Psal.
1438 3638 1508 3709 cnr).
1526 3637 1580 3693 Sed
1593 3637 1726 3710 quidquid
1739 3640 1766 3694 in
1781 3637 1837 3696 lieo
1861 3649 1906 3697 est

276 3737 393 3786 stamar.
425 3725 562 3799 Utrosque
575 3730 648 3785 enim
673 3744 724 3786 nos
749 3728 890 3785 babituros
913 3745 1065 3800 speramus,
1108 3729 1251 3804 'Deusess
1271 3729 1380 3802 Ergoet
1404 3732 1492 3802 ipsum
1512 3733 1676 3804 principium
1697 3733 1726 3787 in
1739 3743 1905 3804 quoeuneta

277 3820 326 3877 sed
343 3819 432 3890 magis
453 3820 580 3891 eligimus
593 3819 830 3892 quorumdamqui
843 3820 998 3877 insidiando
1011 3821 1066 3877 cir·
1115 3820 1218 3876 creavit
1239 3820 1309 3876 bens
1332 3828 1385 3877 est.
1410 3819 1478 3887 Quis
1500 3825 1603 3878 crearit
1625 3821 1725 3880 caelum
1742 3829 1769 3878 et
1784 3824 1907 3879 terr-ami

275 3914 435 3968 cumvalant
461 3914 555 3969 odium
581 3915 727 3977 sustinere,
752 3928 833 3984 quam
850 3913 1022 3970 adversarios
1036 3913 1067 3969 ll·
1115 3908 1199 3967 Dens.
1212 3907 1241 3965 ln
1254 3911 1327 3982 quoi
1346 3909 1376 3966 ln
1387 3912 1531 3982 principio.
1548 3911 1618 3979 Quid
1643 3919 1686 3969 est
1711 3912 1779 3969 illud
1802 3913 1906 3984 princi·

276 4004 495 4062 deiCbristianae
505 4008 669 4078 derogantes
679 4006 814 4077 patienter
824 4005 930 4071 audire,
950 4012 977 4062 et
986 4005 1067 4062 Chri·-
1116 4003 1209 4075 pium?
1226 4003 1308 4060 Deus.
1339 4002 1410 4076 Ergo
1424 4003 1495 4060 [leus
1512 4005 1540 4060 in
1561 4004 1627 4062 Deo.
1651 4003 1848 4077 linosinquis,
1863 4021 1906 4062 rs

276 4097 314 4152 sti
343 4099 485 4154 victoriam
513 4096 624 4155 silentio
646 4097 796 4168 praeterire.
825 4095 978 4154 Scribimus
1001 4112 1066 4169 ergo
1115 4097 1263 4162 essedeos,
1287 4111 1350 4152 cum
1366 4095 1754 4168 Scripturadiaat200minus
1769 4096 1907 4153 Deustuus

277 4203 333 4245 uon
349 4197 380 4245 at
401 4197 495 4246 nostra
520 4189 673 4255 laudentur,
691 4189 738 4245 sed
753 4207 786 4245 ne
800 4187 902 4247 iudaeis
914 4190 1000 4246 risum
1016 4206 1066 4246 no·
1116 4188 1187 4245 Deus
1197 4188 1464 4260 anusestweutnr).
1475 4188 1695 4262 Respondemus:
1709 4189 1768 4248 Lux
1778 4193 1907 4249 etlumen

277 4282 496 4354 straeimperitiae
509 4283 690 4354 praebeamus,
717 4282 764 4352 qui
779 4270 861 4338 toties
886 4282 1065 4338 nobisinsul·
1116 4282 1242 4353 ejusnna
1266 4283 1420 4338 substantia
1436 4291 1510 4340 sunt.
1534 4283 1638 4340 Lumen
1661 4285 1753 4341 alueo
1775 4292 1828 4349 est,
1851 4301 1907 4341 nan

277 4384 349 4441 tant,
364 4381 393 4432 et
404 4375 605 4448 quodammodo
633 4384 697 4430 cnm
714 4372 823 4429 Goliatb
838 4375 953 4430 dicunt:
970 4374 1066 4446 Elipite
1115 4385 1208 4434 tannen
1227 4380 1292 4442 duo,
1320 4377 1368 4433 sed
1384 4393 1469 4432 unum
1494 4384 1567 4432 sunt.
1595 4373 1653 4433 Duo
1673 4376 1764 4435 vocari
1778 4387 1905 4450 possunt,

276 4466 393 4522 esrobis
407 4482 486 4520 unum
498 4467 542 4536 qui
554 4466 626 4521 inem
639 4463 773 4520 nobiseum
787 4466 920 4535 sinputare
933 4474 1065 4521 certamen
1116 4471 1164 4529 ned
1174 4486 1236 4527 esse
1247 4469 1357 4540 probari
1367 4485 1421 4526 non
1431 4478 1548 4542 possunt
1558 4470 1611 4526 nisi
1626 4486 1721 4526 unnim.
1739 4468 1832 4543 ltaque
1843 4485 1907 4527 cnm

278 4558 307 4631 (l
332 4557 395 4631 liep.
407 4564 484 4629 xuni).
501 4558 539 4616 be
553 4557 628 4612 Nono
643 4554 816 4613 Testamenta
836 4568 898 4613 eum
910 4557 951 4614 eis
962 4572 1065 4629 nentia·
1080 4587 1101 4645 0
1119 4562 1260 4634 Scriptura
1271 4563 1363 4619 dicat:
1379 4560 1519 4627 dominus,
1540 4563 1610 4619 Deus
1631 4571 1702 4628 taus,
1718 4561 1800 4631 Deus,
1815 4575 1907 4620 nonne

277 4668 362 4724 quam
389 4651 520 4708 debemus
547 4652 617 4708 inire
629 4650 802 4718 condictum
822 4651 870 4707 sed
880 4651 1011 4722 quidquld
1026 4651 1067 4708 eis
1119 4662 1176 4709 tres
1200 4651 1325 4726 designat
1349 4654 1376 4708 in
1405 4649 1563 4708 vocabulis?
1583 4651 1617 4707 Et
1640 4668 1702 4709 cunr
1739 4652 1904 4724 subjungit:

277 4756 450 4814 opponemus
482 4741 516 4797 de
527 4740 618 4796 Veteri
632 4736 808 4796 Testamenta
829 4741 990 4798 sumendum
1013 4745 1066 4805 cst,
1121 4741 1194 4799 Unus
1207 4753 1258 4810 est,
1286 4760 1377 4801 nonne
1392 4751 1449 4801 tres
1461 4760 1542 4801 unam
1565 4744 1680 4802 affirmat
1696 4760 1758 4802 esse
1776 4746 1906 4802 substan·

278 4844 309 4888 ut
324 4849 388 4890 enm
415 4833 545 4890 consenti
561 4832 661 4888 luerint
677 4847 758 4902 super
772 4832 886 4902 bisqdae
900 4840 999 4901 begare
1012 4844 1067 4885 non
1118 4835 1201 4891 tiaml
1225 4835 1374 4908 distinguit
1387 4837 1569 4908 proprietates
1581 4849 1771 4908 personarum.
1783 4850 1839 4895 non
1862 4837 1906 4894 dl·

278 4930 418 4997 merum,
443 4925 547 4980 arctius
572 4931 728 4988 nneannn,
743 4930 913 4991 seraranan
929 4921 1064 4978 validissi·
1117 4929 1186 4984 niun
1200 4930 1334 4988 unitatem
1345 4930 1506 4986 suusrannae
1518 4925 1609 4985 dnum
1623 4944 1690 5001 erpo
1704 4928 1787 4985 boun
1801 4928 1827 4986 in
1839 4931 1906 4988 eub-

276 5017 409 5075 salsioris
428 5016 542 5080 aennon,
568 5023 616 5072 uns
641 5011 837 5071 verumtaten
860 5025 1002 5086 conantur,
1020 5022 1068 5070 sut
1117 5018 1218 5076 stanna
1243 5016 1386 5092 diligenter
1407 5018 1526 5087 sinenda,
1553 5014 1673 5084 Patrem,
1697 5013 1906 5087 milliarum

276 5098 651 5183 memaeseueprobentur.
668 5105 732 5162 ideo
747 5106 858 5161 modum
874 5106 902 5161 in
922 5106 1068 5162 scribendo
1119 5108 1253 5184 Spiritum
1272 5121 1410 5177 sanctum,
1424 5127 1457 5168 ex
1470 5128 1535 5184 quo.
1550 5120 1578 5169 et
1596 5129 1645 5186 per
1656 5128 1737 5186 quem
1758 5122 1786 5170 es
1808 5116 1836 5171 in
1849 5131 1905 5188 quo

275 5200 606 5272 tenemusquononimus
621 5213 669 5254 eos
684 5196 939 5262 velleeontendere,
955 5212 990 5253 ne
1003 5213 1069 5269 pos·
1118 5203 1246 5260 uniuersa
1266 5208 1331 5260 sunt
1355 5204 1475 5260 condita.
1495 5204 1635 5278 Alioquin,
1651 5203 1674 5262 sl
1702 5208 1823 5263 nolueris
1842 5222 1905 5263 esse

275 5292 333 5349 siut
343 5290 505 5349 calumniari
519 5308 549 5349 se
562 5290 650 5362 magis
664 5288 822 5360 sophisticis
835 5288 1068 5360 disputationibus
1118 5293 1283 5366 principium
1299 5297 1361 5352 cmll
1377 5300 1405 5353 et
1431 5301 1510 5355 terrae
1534 5297 1607 5370 quod
1621 5305 1762 5371 cmpernnt
1774 5299 1902 5365 existere.

274 5400 359 5458 quam
370 5387 484 5443 veritate
497 5387 539 5443 vel
551 5387 656 5441 ratione
671 5383 811 5464 superari.
836 5381 906 5439 ilino
933 5385 1068 5457 estquod
1118 5384 1214 5444 audire
1225 5387 1352 5446 volumus
1366 5405 1381 5444 a
1396 5395 1423 5444 te
1444 5393 1536 5447 utrum
1561 5389 1588 5447 in
1612 5390 1660 5447 illo
1674 5390 1811 5463 principio
1831 5388 1904 5448 Dente

272 5480 316 5539 ei's
327 5495 437 5551 semper
460 5480 624 5551 opponimus
634 5490 661 5536 el
679 5472 876 5550 respondemus
889 5477 922 5532 ad
938 5479 1066 5542 litteram,
1118 5489 1217 5534 cuncta
1230 5480 1342 5538 crearit.
1353 5477 1382 5535 Si
1395 5477 1424 5535 in
1435 5480 1625 5552 illoprincipio
1635 5475 1708 5538 Deus
1721 5488 1820 5536 cancta
1830 5464 1905 5538 c'res·

273 5589 308 5630 sc
330 5572 419 5629 multo
431 5572 511 5629 allier
530 5573 695 5644 questiones
718 5578 746 5628 et
762 5570 913 5627 solutiones
923 5568 1066 5627 inferimus
1116 5568 1166 5633 nit,
1178 5571 1246 5644 ipsis
1255 5572 1437 5629 existentibus
1448 5581 1548 5629 cuncta
1556 5581 1646 5628 crenis
1656 5576 1730 5629 sunt.
1743 5572 1814 5644 Ergo
1825 5571 1904 5647 prius

273 5681 360 5741 quan
368 5667 451 5722 babet
463 5665 533 5722 ordo
547 5664 723 5736 disputandi;
743 5664 808 5735 qula
828 5678 877 5734 per
893 5663 1001 5720 diversa
1013 5663 1066 5719 buc
1117 5669 1217 5718 cuncta
1232 5670 1375 5735 coeperunt
1388 5660 1507 5722 existere
1518 5681 1599 5737 qaam
1614 5665 1723 5732 creari;
1739 5665 1823 5736 quod,
1838 5665 1904 5738 nula

274 5757 397 5829 illaeque
411 5757 581 5827 discurrunt,
597 5765 624 5814 et
639 5772 702 5813 eum
730 5755 925 5828 comprehendi
948 5770 978 5812 se
1002 5769 1067 5810 sen·
1118 5748 1216 5811 ialsum
1234 5764 1286 5825 est,
1299 5756 1448 5829 querimus
1462 5759 1599 5830 steqmd
1613 5757 1649 5816 sit
1659 5755 1725 5815 illud
1739 5757 1903 5831 principissa

273 5850 375 5916 meiat,
389 5851 425 5908 ad
438 5851 548 5908 modum
561 5850 650 5921 vulpis
664 5848 783 5907 iuiovea
798 5849 905 5906 deloco
923 5848 957 5904 sd
973 5848 1063 5904 locum
1117 5844 1145 5903 in
1165 5864 1220 5920 quo
1242 5846 1315 5906 Deus
1329 5857 1428 5906 cuncta
1442 5849 1902 5924 ereaniclllespoudebisiterums
2013 5898 2019 5915 ,

273 5942 419 6010 minum
432 5958 465 6001 ac
493 5942 540 5998 ubi
555 5941 653 5998 iortius
667 5939 754 5998 teneri
770 5948 912 6013 putantur,
930 5939 983 5998 nisi
995 5956 1065 6015 pra·
1117 5943 1232 6011 Quando
1248 5944 1320 6002 Deus
1333 5953 1434 6003 cunata
1444 5946 1557 6012 crearit,
1572 5947 1625 6004 boc
1638 5947 1706 6003 illud
1716 5960 1779 6006 esse
1800 5934 1904 6033 prinei·

274 6033 423 6092 veniamur
447 6034 564 6102 insidia,
580 6033 676 6118 ‚citius
689 6033 853 6119 elabuntur.
869 6031 928 6132 ‘llis
955 6032 1066 6092 obviare
1118 6037 1203 6108 pium.
1231 6036 1385 6106 anaerimus
1421 6037 1511 6097 sdlrnc
1535 6046 1627 6098 utrum
1649 6038 1714 6101 illud
1730 6031 1903 6099 tununnen-
