4350 6709
351 512 405 587 m
871 491 1454 587 mmmmwmmmmm
1929 537 1982 595 m

350 648 415 706 darn
439 647 468 704 in
490 645 661 703 Narbonensi
687 646 827 718 provincia
851 646 980 719 injuriant
1002 650 1138 717 crucillni,
1154 655 1175 713 Α
1190 648 1335 717 losanam;
1352 649 1451 706 arodus
1465 658 1556 706 autem
1569 650 1802 710 reconciliationis
1817 661 1847 710 et
1865 653 1981 711 absolu-

351 743 470 802 acieatea
484 742 675 799 remissionem
698 742 820 799 omnium
842 744 1030 815 peccaminum
1053 744 1141 800 abeo
1192 743 1277 799 tionis
1301 743 1362 798 talis
1386 742 1448 798 luit.
1467 742 1608 800 adductas
1629 753 1672 802 est
1686 759 1780 804 contet
1800 745 1891 802 nudus
1913 758 1981 805 ante

348 835 466 907 ejusque
485 835 590 892 ricarlo
605 835 741 894 uniuersis
762 834 907 904 indultam,
922 837 968 908 qul
980 835 1141 894 orthodoxae
1191 833 1264 890 iores
1288 836 1411 892 ecclesiae
1435 833 1466 891 Β.
1496 834 1610 909 AEgidii,
1636 837 1730 909 ibique
1755 854 1847 895 coram
1874 839 1980 911 legato,

349 928 412 984 ildel
433 927 493 984 telo
507 928 644 993 succensi,
669 927 703 984 ad
728 944 797 1000 opus
808 944 838 984 se
859 928 1034 1000 accingerent
1056 928 1140 1001 bulas
1190 927 1404 1000 archiepiscopis
1416 935 1445 984 et
1460 930 1595 1001 episcopis
1606 930 1654 1002 qul
1672 931 1707 987 ad
1723 931 1777 988 boc
1791 943 1982 991 convenerant

348 1017 469 1089 pietatis,
482 1016 632 1074 dummodo
652 1019 763 1075 contriti
785 1026 879 1076 essent
899 1019 1001 1091 pariter
1021 1029 1048 1076 et
1070 1034 1139 1075 con·
1189 1019 1335 1092 piusquam
1348 1020 1455 1093 triginti,
1468 1021 1573 1093 Jurarlt
1589 1036 1673 1094 super
1686 1037 1789 1094 corpus
1810 1023 1935 1093 Cbriati,
1950 1033 1980 1082 et

347 1111 425 1167 lessi.
450 1108 523 1179 cata
544 1112 644 1186 plura?
666 1110 826 1169 Publieatur
849 1114 900 1170 ista
925 1114 1093 1186 indulgentia
1109 1114 1137 1170 in
1188 1121 1347 1170 sanctorum
1360 1113 1502 1186 reliquias,
1516 1115 1736 1187 quarantelores
1751 1117 1874 1175 ecclesie
1891 1109 1993 1191 expo·'

347 1203 477 1274 Francia,
489 1213 580 1263 armat
591 1220 621 1262 se
637 1205 785 1265 multitudo
805 1221 903 1281 magna
918 1206 1042 1266 bdelium
1056 1207 1138 1283 signo
1187 1205 1248 1262 site
1262 1221 1325 1262 cnm
1338 1194 1437 1279 magna
1452 1209 1645 1277 veneratione,
1660 1209 1730 1265 etin
1756 1211 1842 1268 multa
1865 1212 1946 1282 eopia
1961 1227 1978 1269 a

346 1299 448 1356 mucis.
855 1286 857 1292 ’
1187 1295 1307 1368 praelatis
1320 1298 1492 1367 tenebantur,
1512 1299 1585 1371 quod
1600 1300 1737 1358 mandatis
1750 1301 1779 1358 S.
1798 1301 1831 1358 li.
1844 1301 1979 1363 Ecclesiae

654 1412 770 1480 CAPUT
789 1413 835 1471 XL
1187 1389 1215 1446 ln
1229 1389 1358 1445 omnibus
1372 1389 1504 1447 obediret.
1520 1389 1583 1447 llos
1594 1392 1698 1464 legatus
1712 1394 1811 1451 stolam
1824 1394 1860 1451 ad
1870 1396 1977 1455 collatu

345 1502 496 1560 Concilium
565 1502 907 1574 didontilumceledratttr,
921 1507 1010 1583 illique
1023 1509 1137 1576 sistendi
1187 1481 1297 1538 ⁰⁰⁰¹¹²i⁸
1311 1482 1375 1554 ”⁰¹¹5
1393 1481 1469 1549 Μ’
1494 1483 1639 1557 '1¹⁵⁰qu
1655 1485 1783 1543 mmmm
1802 1502 1852 1558 [Ἢ
1873 1488 1977 1547 “⁰¹²¹'‘

381 1588 472 1659 cerunt
485 1572 527 1630 iii
540 1591 589 1638 ane
607 1576 665 1632 diet
680 1578 772 1632 comiti
785 1577 856 1648 apud
877 1575 1026 1634 Valentiam
1046 1581 1136 1651 praefi·
1186 1575 1330 1646 arripiens,
1346 1576 1502 1633 absolutam
1518 1593 1580 1634 cum
1598 1578 1757 1636 verberibus
1780 1580 1808 1635 ln
1826 1581 1976 1639 ecclesiam

380 1656 463 1718 ΨΜ·
1186 1667 1347 1723 introduxit.
1364 1666 1419 1725 Nec
1432 1668 1566 1725 silendum
1578 1668 1663 1740 quod,
1675 1685 1738 1727 cum
1758 1686 1851 1729 comes
1866 1671 1978 1733 Tolosae

343 1772 346 1779 ·
380 1759 525 1818 celebrato
537 1764 611 1834 &pud
625 1761 840 1834 qu-gnp.pillam
864 1765 1002 1837 colloquio
1025 1783 1134 1839 pugno.
1185 1759 1444 1816 ittirodttcet'eiurin
1460 1761 1980 1841 &elestamdbcilldffiniliffi&AEst

343 1861 412 1916 tato,
436 1851 634 1912 titiliacum
659 1857 763 1931 collega
785 1873 837 1914 suo
854 1857 890 1915 ll,
918 1856 1083 1928 Tlreodisio,
1099 1861 1134 1932 aa
1184 1852 1222 1908 dii
1236 1868 1298 1909 eum
1316 1854 1485 1920 verberibus,
1501 1854 1661 1925 disponente
1672 1854 1738 1923 beo,
1764 1858 1923 1916 nulbtentts
1940 1862 1978 1918 de

343 1958 437 2019 partes
450 1949 599 2021 provinciae
622 1951 743 2027 perrexit
754 1950 922 2023 veniensque
945 1954 979 2023 qd
994 1953 1131 2024 quoddam
1184 1947 1300 2003 ecclesia
1316 1948 1405 2019 potnit
1427 1949 1503 2005 crire
1515 1964 1572 2021 prae.
1586 1950 1681 2020 turba,
1707 1967 1755 2022 per
1770 1953 1841 2008 riam
1859 1970 1916 2026 qua
1930 1955 1976 2012 in·

343 2049 464 2096 castrum
489 2042 563 2126 quod
586 2040 730 2099 ilontilum
759 2052 944 2115 nuncapatur,
971 2044 1134 2102 convocarit
1150 2015 1171 2076 Β
1186 2048 1320 2109 crateram
1335 2041 1382 2098 sed
1412 2041 1532 2114 oportuit
1544 2058 1606 2099 eum
1621 2043 1788 2102 descendere
1800 2046 1828 2101 in
1841 2047 1976 2104 interiora

342 2130 565 2204 archiepiscopos
581 2143 609 2190 et
621 2135 767 2206 episcopos
781 2137 969 2208 quamplures.
988 2136 1052 2207 Qut,
1068 2152 1131 2193 curn
1182 2132 1315 2199 eeclesia,
1329 2144 1356 2189 et
1367 2145 1487 2205 perante
1501 2135 1656 2207 sepulcrum
1672 2133 1703 2192 B.
1716 2137 1844 2210 martyris
1854 2137 1887 2194 ll.
1901 2137 1977 2195 Petri

342 2223 376 2280 ad
391 2239 455 2281 eum
469 2227 619 2294 vertissent,
637 2227 763 2298 quaesirit
784 2227 819 2284 ab
842 2228 884 2284 eis
898 2228 1042 2300 diligenter
1061 2244 1132 2300 qna·
1183 2222 1217 2280 de
1230 2223 1410 2296 Castronono,
1424 2242 1505 2298 qnam
1527 2229 1614 2286 occidi
1633 2229 1868 2298 lecerat„nudum
1879 2241 1974 2292 tranr-

341 2315 405 2372 liter
417 2318 620 2389 procedendum
645 2328 719 2376 esset
740 2319 768 2374 in
787 2319 898 2391 negatio
920 2322 998 2392 pacis
1016 2330 1043 2377 et
1057 2322 1132 2390 lldei,
1185 2317 1235 2374 lre.
1263 2315 1286 2374 θ
1312 2318 1417 2390 justum
1439 2308 1494 2375 bet
1517 2318 1669 2390 judicium!
1694 2337 1777 2392 quem
1800 2324 1875 2379 enirn
1904 2339 1975 2380 eon·

340 2408 477 2481 precipue
501 2409 529 2465 in
555 2409 627 2466 lacto
649 2412 759 2468 comitis
780 2410 925 2482 Tolosani;
942 2413 1029 2470 uoluit
1047 2415 1131 2471 etiam
1182 2410 1333 2481 tempserat
1357 2411 1461 2479 virum,
1485 2412 1510 2469 ei
1537 2414 1718 2469 reverentiam
1746 2416 1907 2486 compulsus
1933 2425 1978 2473 est

340 2510 372 2557 ιιι
385 2501 486 2575 sittguli
506 2503 611 2575 prelati
627 2520 710 2576 super
724 2505 807 2562 certis
822 2507 968 2578 capitulis,
981 2507 1016 2564 de
1030 2509 1132 2579 quibus
1176 2503 1315 2560 'eslribcre
1328 2513 1355 2559 et
1370 2503 1507 2563 defuncto.
1524 2503 1592 2561 lllud
1616 2505 1699 2560 etiarn
1716 2507 1868 2563 notandum
1896 2518 1976 2579 puto,

339 2607 403 2650 enat
418 2593 504 2651 abbas
515 2595 683 2668 instruxerat
697 2595 899 2665 cisterciensis,
916 2614 965 2654 sua
989 2598 1014 2655 ei
1038 2599 1131 2655 trade·
1182 2597 1255 2669 qnod
1271 2612 1333 2652 cnm
1348 2612 1449 2668 corpus
1463 2598 1585 2669 predicti
1596 2599 1735 2671 martyris,
1747 2600 1793 2671 qui
1809 2600 1837 2655 in
1851 2601 1977 2658 claustro

340 2695 402 2742 rent
427 2688 540 2758 consilia
565 2689 668 2761 scripta
691 2698 718 2746 et
742 2690 871 2764 sigillata.
900 2690 1014 2748 Factum
1036 2701 1078 2748 est
1102 2701 1133 2748 ut
1182 2687 1381 2742 wilelmum
1399 2686 1436 2760 S<
1457 2686 1560 2760 AEssllffi
1582 2689 1660 2760 illibi
1686 2689 1775 2746 luerat
1793 2693 1975 2759 ¹¹¹¹¹¹¹¹¹²l¹¹¹¹b

338 2779 479 2851 meppie,
495 2789 523 2836 ει
535 2782 608 2853 quq!
631 2782 726 2853 auggg„
742 2791 785 2839 ρει
808 2782 948 2851 mirabile,
966 2784 1059 2840 omnia
1075 2793 1131 2840 ram
1181 2786 1244 2847 post
1257 2777 1369 2850 longum
1385 2787 1494 2849 tempus
1509 2781 1537 2835 in
1550 2779 1696 2836 ecclesiam
1706 2781 1922 2852 ‚trartslerretum
1936 2785 1974 2840 ita

339 2871 448 2929 abbatis
461 2871 654 2933 cisterciensis
663 2892 746 2948 quam
756 2876 932 2961 praelatorum
946 2878 1059 2935 consilia
1071 2878 1132 2935 sino
1175 2885 1280 2926 'tandm
1305 2869 1444 2926 inventum
1472 2881 1515 2929 esi
1538 2881 1566 2928 et
1588 2873 1716 2940 illesum,
1742 2890 1774 2932 ac
1801 2876 1825 2932 si
1850 2876 1911 2946 ipsa
1928 2877 1973 2934 die

339 2964 513 3023 dissensione
529 2968 622 3040 aliqua
637 2956 834 3033 convenerunt,
854 2973 877 3026 Α
893 2969 1010 3042 Domino
1027 2969 1130 3043 nactum
1182 2960 1280 3018 luisset
1294 2963 1477 3031 tumulatum;
1492 2965 1554 3020 miri
1570 2966 1652 3021 etiam
1669 2967 1761 3029 odoris
1774 2967 1925 3040 fragrantia
1940 2970 1974 3024 de

254 3080 256 3087 ¹
338 3066 383 3116 est
396 3059 469 3114 istac
488 3059 577 3132 (erat.
594 3062 692 3135 carn).
708 3061 776 3121 Post
790 3061 849 3120 nae
872 3062 1131 3120 intentabilem
1176 3071 1298 3130 corpore
1311 3058 1400 3114 sancti
1414 3066 1441 3114 et
1458 3058 1582 3116 vestibus
1597 3061 1743 3116 emanarit.

338 3151 468 3207 corrritem
483 3150 665 3221 Tolosanum,
678 3130 812 3212 mandans
823 3155 848 3212 el
864 3164 896 3211 nt
908 3156 943 3212 ad
958 3155 1030 3212 diem
1046 3172 1130 3227 quam
1176 3179 1180 3185 ’
1471 3196 1587 3253 CAPUT
1606 3197 1665 3253 UH

338 3243 391 3300 sibi
408 3244 565 3318 praefigebat
584 3249 689 3302 reniret
714 3247 748 3304 ad
772 3246 862 3319 ipsum
878 3249 951 3319 apud
975 3247 1129 3305 Valentiam
1607 3237 1614 3253 ⁴
1668 3239 1676 3254 ⁸

337 3334 488 3395 civitatem.
506 3334 585 3392 Venit
599 3352 693 3395 eomes
706 3338 741 3395 ad
762 3337 835 3394 diem
849 3328 937 3407 illurn,
951 3349 978 3410 et
993 3339 1062 3416 sicut
1077 3339 1129 3396 lal·
1143 3366 1166 3430 c
1182 3333 1274 3392 domet
1290 3335 1447 3402 solotenus,
1461 3337 1521 3406 ficte
1536 3352 1639 3393 crucem
1652 3352 1736 3391 sacre
1749 3336 1855 3392 militie
1865 3338 1972 3408 raptent

337 3427 383 3484 p„
395 3436 423 3483 ep
436 3443 536 3498 saettts,
559 3428 685 3486 lubricus
697 3440 725 3486 a
741 3428 872 3502 perjurus
894 3431 1022 3503 pwmjsp
1041 3432 1130 3506 pegam
1216 3409 1315 3493 sternit,
1334 3425 1415 3479 quam
1438 3409 1544 3480 quidem
1570 3407 1695 3463 calbolici
1713 3408 1845 3464 exercitata
1871 3408 1971 3465 militet

336 3479 1604 3597 mmmmmmmmfflmmefflmmmmm

337 3618 380 3666 rut
395 3613 421 3667 in
439 3612 568 3670 omuibus
582 3614 763 3686 voluntatem.
778 3612 897 3688 legatus
912 3627 1015 3691 autem,
1036 3628 1131 3689 utpote
1216 3613 1282 3672 Post
1296 3616 1356 3672 bec
1370 3615 1464 3673 omnia
1486 3615 1682 3673 callidissimus
1696 3632 1788 3673 eomes
1800 3615 1920 3685 Tolosae,
1935 3617 1971 3674 ti-

335 3708 380 3763 rir
392 3717 491 3766 cautus
505 3718 533 3767 et
556 3711 695 3785 prudens,
714 3711 889 3782 prelatorum
913 3727 981 3768 usus
1002 3692 1129 3784 consilio,
1181 3722 1259 3765 mens
1275 3707 1374 3765 alacie
1388 3709 1655 3781 crucesignatorum,
1671 3710 1717 3781 qui
1733 3710 1767 3765 ad
1781 3709 1971 3767 exturbandos

335 3801 423 3857 soluit
437 3812 464 3858 ct
479 3790 608 3874 praecepit
620 3812 652 3878 ut
666 3819 760 3861 comes
790 3803 945 3862 Tolosaaus
971 3806 1091 3879 traderet
1104 3807 1130 3863 ei
1181 3799 1326 3857 lraeretieos
1347 3810 1375 3858 et
1398 3815 1494 3857 earum
1514 3800 1636 3857 lautores
1657 3801 1685 3856 in
1704 3801 1839 3871 prorinro.
1860 3801 1969 3856 venturi

336 3906 387 3965 pro
400 3880 549 3963 securitate
563 3882 597 3950 de
614 3903 687 3951 terra
710 3911 794 3967 quant
807 3897 917 3954 tenebat
928 3897 955 3954 in
974 3899 1129 3970 provincia,
1180 3891 1303 3946 &anille
1319 3890 1435 3948 fidncia
1460 3892 1492 3947 ³⁶
1517 3901 1608 3962 biiies
1628 3890 1830 3957 Narbonenses,
1854 3891 1933 3961 Ρθῑῑῑῑ
1953 3907 1970 3945 ⁸

336 3992 427 4042 castra
442 3994 558 4058 septem.
583 3984 676 4058 Voluit
698 3987 782 4043 caiana
807 3996 836 4043 ut
859 3988 987 4045 consules
1009 3988 1129 4044 dvenio·
1180 3982 1269 4053 legato
1283 3983 1343 4039 dari
1356 3999 1478 4051 crucem,
1498 3997 1527 4042 ut
1541 3986 1583 4041 sic
1599 3995 1792 4040 tetrametram
1809 4000 1823 4039 a
1848 3985 1970 4040 crucesi-

336 4079 432 4136 nemis
455 4064 484 4135 et
509 4078 705 4137 Nemausense
729 4081 883 4150 civitatum,
899 4092 926 4139 ct
947 4082 1019 4139 ailla
1035 4080 1129 4138 Sancti
1180 4086 1326 4148 gnatorum
1342 4074 1518 4133 intestatione
1533 4072 1666 4132 tueretur.
1685 4075 1829 4147 acquievit
1846 4076 1969 4146 legatus,

335 4171 446 4244 Georgii
463 4170 590 4253 iutrarent
603 4173 639 4247 ei,
651 4172 724 4261 quod
739 4172 762 4245 si
777 4188 870 4229 comes
884 4171 1038 4230 Tolosanus
1050 4190 1130 4230 man·
1179 4170 1329 4241 comitique
1340 4171 1485 4228 etduobus
1494 4178 1601 4226 tanturn
1614 4171 1647 4225 de
1658 4171 1716 4226 suis
1729 4169 1863 4226 militibus
1873 4184 1971 4227 cruces

334 4269 400 4323 dato
420 4265 507 4339 ipsius
533 4264 613 4337 legati
638 4267 733 4323 venire
744 4273 923 4338 praesumeret
941 4281 975 4322 cr
1000 4267 1127 4337 adverso,
1179 4261 1264 4318 dedit.
1288 4259 1311 4317 0
1331 4262 1430 4320 laisum
1455 4270 1483 4319 et
1499 4263 1711 4335 perlidissinmm
1733 4263 1969 4334 crucesignatum,

335 4375 391 4416 uon
418 4368 579 4426 tenerentur
601 4359 627 4414 el
651 4357 767 4431 laominil
793 4373 841 4425 seu
858 4357 970 4415 laederis
997 4359 1129 4416 lidelitate
1179 4355 1307 4412 comitem
1322 4353 1491 4412 Tolosanum
1506 4356 1587 4424 dico,
1608 4357 1656 4428 qui
1670 4372 1779 4413 crucem
1805 4357 1968 4427 assumpsit,

334 4450 451 4509 traici.
477 4448 631 4524 Comitatus
649 4449 763 4535 insuper
781 4446 950 4521 ingruensis,
975 4445 1005 4503 S.
1022 4448 1057 4505 ll.
1077 4447 1129 4504 Ec·
1179 4464 1234 4506 non
1250 4449 1285 4505 ad
1299 4448 1491 4518 vindicandam
1515 4449 1643 4520 injuriam
1667 4448 1802 4515 crucillxi,
1826 4449 1876 4505 sed
1891 4460 1922 4504 ut
1935 4449 1969 4504 ad

334 4542 426 4601 clasiae
447 4543 556 4615 caderet
577 4543 606 4613 iq
631 4542 823 4616 catuntissunt,
842 4541 942 4611 liqmes
957 4556 1023 4596 roro
1043 4539 1128 4596 Tolo-
1178 4549 1288 4613 tempus
1304 4541 1395 4598 celare
1409 4550 1504 4613 posset
1520 4556 1598 4598 suam
1624 4550 1651 4597 et
1678 4551 1768 4611 tegere
1782 4541 1968 4612 pravitatem!

334 4653 432 4709 sanus,
448 4635 577 4709 quamtis
589 4634 687 4691 dolens
708 4642 735 4691 et
752 4634 855 4693 inritus
870 4632 1035 4713 uecessitate
1048 4650 1127 4691 com·
1179 4633 1228 4692 liis
1241 4635 1369 4707 omnibus
1383 4635 1476 4706 itaque
1490 4635 1582 4707 gestis,
1595 4634 1700 4707 legatus
1713 4644 1741 4691 et
1752 4633 1788 4688 ll.
1804 4632 1969 4692 Tbeodiaius

333 4731 441 4803 pulsus,
458 4731 552 4787 omnia
568 4745 631 4803 quae
644 4731 752 4804 legatus
767 4731 956 4800 mandaverat,
976 4728 1126 4800 adimplere
1142 4728 1165 4784 b
1180 4725 1320 4782 redierunt
1335 4741 1430 4782 tersus
1453 4724 1628 4798 Lugdunum,
1643 4733 1672 4781 ut
1687 4725 1899 4796 crucesignatis,
1920 4727 1968 4798 qni

332 4822 472 4893 promisit.
492 4821 594 4895 Sicque
608 4822 766 4878 factumest
781 4823 868 4894 utqui
884 4818 1126 4894 abbatemCister·
1178 4819 1271 4875 statim
1289 4819 1395 4875 venturi
1410 4825 1499 4889 ararit,
1515 4828 1610 4874 contra
1623 4817 1805 4889 provinciales
1822 4816 1969 4874 haereticos

333 4914 456 4971 cienscm
483 4915 583 4972 durum
613 4917 731 4983 dixerat,
767 4916 886 4990 legatum
917 4914 997 4988 longe
1022 4913 1127 4972 diceret
1177 4913 1330 4981 obviarent,
1340 4927 1390 4983 per
1400 4919 1484 4967 totam
1496 4911 1631 4982 siquidem
1646 4909 1815 4982 provinciam
1827 4910 1967 4991 divulgata

333 5002 485 5061 duriorem.
502 5001 676 5074 limantem,
698 5004 754 5062 lieo
777 5005 950 5079 disponente,
971 5005 1126 5079 justissime
1176 5015 1236 5062 erat
1249 5005 1417 5079 indulgentia
1430 5019 1514 5076 quam
1537 5003 1640 5060 lecerat
1654 4991 1787 5059 ¹dominus
1799 5017 1869 5074 papa
1883 5005 1966 5073 prob-

332 5096 437 5153 lactnm
460 5112 523 5155 esse
539 5082 759 5175 cretlltur,'quod
776 5102 822 5160 ubi
846 5088 981 5175 tyrannus
1006 5100 1126 5173 speravit
1177 5099 1344 5157 eisceatibus
1370 5109 1465 5154 contra
1494 5098 1639 5170 praedictus
1662 5096 1816 5161 bereticos,
1848 5095 1967 5168 ideoque

324 5182 497 5269 ¹t'cnredium,
523 5189 657 5248 ultionem
686 5180 786 5276 reperit
810 5205 838 5251 et
860 5182 1007 5267 'flagellum
1025 5178 1124 5250 Statim
1176 5191 1371 5264 quamplurimi
1398 5178 1506 5246 nobiles'
1532 5199 1560 5246 et
1585 5189 1721 5262 ignobiles
1745 5197 1843 5255 contra
1871 5188 1967 5246 boses

331 5281 375 5341 ab·
387 5280 473 5340 totius
491 5282 623 5356 bonitatis
638 5282 674 5339 ll.
691 5281 869 5359 Tlteodlslus,
881 5285 916 5342 de
939 5286 1071 5342 mandato
1086 5286 1126 5359 le·
1176 5286 1271 5341 crocis
1286 5292 1463 5340 armaverant
1480 5299 1511 5341 sc
1533 5284 1561 5338 in
1585 5283 1742 5355 pectoribus
1758 5281 1849 5338 crucis
1873 5281 1966 5354 siguo.

332 5375 399 5449 gati,
414 5376 531 5445 venitin
557 5385 649 5450 partes
666 5379 826 5449 provinciae,
851 5357 882 5439 ιιι
905 5390 1008 5453 septem
1033 5391 1125 5455 castra
1177 5376 1298 5447 Sigmatis
1326 5376 1410 5448 igitur
1436 5377 1464 5431 iu
1494 5373 1611 5430 Francia
1637 5375 1671 5429 ad
1697 5372 1891 5430 vindicandum
1918 5372 1966 5428 bei

331 5470 481 5541 dequibus
503 5455 588 5553 supra
615 5462 755 5541 tetigimus
779 5472 924 5544 reciperet,
950 5483 978 5544 et
992 5488 1024 5529 ea
1042 5489 1125 5544 occu-
1176 5471 1263 5533 nostri
1279 5470 1407 5541 iniuriam
1425 5479 1466 5526 tot
1489 5467 1609 5525 bdelium
1625 5467 1746 5524 millibus
1768 5477 1797 5523 ct
1818 5466 1963 5539 signandis

331 5573 410 5631 paret
423 5578 457 5620 ex
472 5572 552 5644 parte
570 5562 599 5620 8.
615 5562 649 5635 lt.
665 5562 697 5636 Ε.
712 5572 740 5620 et
753 5549 882 5621 muniret.
1176 5566 1244 5623 nibil
1256 5565 1331 5622 aliud
1344 5571 1497 5636 supererat,
1513 5561 1566 5618 taisi
1579 5570 1611 5615 ιιι
1624 5559 1757 5618 Dominus
1771 5559 1905 5622 Sabaotlt,
1918 5560 1966 5631 qai

634 5681 749 5754 ggpuq
765 5682 824 5740 xpp·
1175 5662 1257 5720 solita
1270 5661 1391 5717 bonitate
1404 5670 1432 5716 et
1444 5658 1566 5714 inaudita
1581 5658 1748 5728 benignitate
1762 5656 1884 5712 inimicis
1895 5655 1965 5721 suis,

331 5772 419 5833 Certis
443 5778 606 5839 ceremoniis
631 5778 779 5850 antiquitus
802 5778 922 5847 actitatio,
937 5794 1023 5846 camp,
1046 5776 1125 5848 1010.
1175 5756 1302 5814 ridelicet
1321 5753 1457 5810 haereticis
1468 5760 1494 5807 et
1506 5766 1602 5808 eorum
1618 5751 1772 5808 lectoribus
1782 5748 1965 5820 compatiens,

508 5864 589 5906 saner
605 5848 733 5905 Ecclesia
746 5850 945 5906 reconciliatur.
1174 5850 1268 5921 plures
1285 5857 1312 5904 et
1330 5845 1433 5918 pluries
1455 5845 1641 5901 destinat-erat
1663 5843 1698 5899 ad
1712 5843 1840 5910 eosdem3
1858 5841 1907 5898 sed
1925 5840 1966 5901 illi

369 5938 418 5997 llis
432 5922 561 5999 omnibus
576 5941 629 5999 rite
656 5943 786 6015 peractis,
803 5942 946 6001 descendit
967 5943 1073 6017 legatus
1087 5945 1124 6002 ad
1176 5944 1203 5999 in
1218 5939 1396 6013 perversitate
1421 5952 1471 5994 sua
1486 5944 1709 6010 perseverantes,
1731 5934 1966 6007 inmutabilia

331 6032 425 6090 ribam
440 6031 469 6089 S.
482 6031 594 6106 AEgidii,
609 6034 839 6095 reconciliaturus
857 6035 895 6094 ibi
915 6036 1045 6096 comitem
1068 6036 1124 6095 To·
1176 6033 1317 6106 obstinati,
1343 6030 1478 6107 quosdam
1499 6029 1672 6091 contumeliis
1699 6026 1866 6099 adiecerant,
1894 6026 1966 6085 alies
