<?xml version="1.0" encoding="UTF-8"?>
<!DOCTYPE html PUBLIC "-//W3C//DTD XHTML 1.0 Transitional//EN"
    "http://www.w3.org/TR/xhtml1/DTD/xhtml1-transitional.dtd">
<html xmlns="http://www.w3.org/1999/xhtml" xml:lang="en" lang="en">
 <head>
  <title>
</title>
<meta http-equiv="Content-Type" content="text/html;charset=utf-8" />
  <meta name='ocr-system' content='tesseract 3.04.00' />
  <meta name='ocr-capabilities' content='ocr_page ocr_carea ocr_par ocr_line ocrx_word'/>
</head>
<body>
  <div class='ocr_page' id='page_1' title='image "./patrologiaecurs78unkngoog_0384.png"; bbox 0 0 4350 6709; ppageno 0'>
   <div class='ocr_carea' id='block_1_1' title="bbox 1374 410 1421 424">
    <p class='ocr_par' dir='ltr' id='par_1_1' title="bbox 1374 410 1421 424">
     <span class='ocr_line' id='line_1_1' title="bbox 1374 410 1421 424; baseline 0 -3"><span class='ocrx_word' id='word_1_1' title='bbox 1374 410 1421 424; x_wconf 49' lang='grc' dir='ltr'>φ..</span> 
     </span>
    </p>
   </div>
   <div class='ocr_carea' id='block_1_2' title="bbox 359 497 1977 567">
    <p class='ocr_par' dir='ltr' id='par_1_2' title="bbox 359 497 1977 567">
     <span class='ocr_line' id='line_1_2' title="bbox 359 497 1977 567; baseline -0.001 -11"><span class='ocrx_word' id='word_1_2' title='bbox 359 508 413 567; x_wconf 68' lang='grc'>739</span> <span class='ocrx_word' id='word_1_3' title='bbox 978 499 1135 560; x_wconf 75' lang='lat' dir='ltr'>subituro</span> <span class='ocrx_word' id='word_1_4' title='bbox 1155 498 1294 557; x_wconf 66' lang='lat' dir='ltr'>secuit</span> <span class='ocrx_word' id='word_1_5' title='bbox 1312 497 1372 563; x_wconf 78' lang='lat' dir='ltr'>xil,</span> <span class='ocrx_word' id='word_1_6' title='bbox 1921 499 1977 556; x_wconf 83' lang='lat' dir='ltr'>&#39;ltu</span> 
     </span>
    </p>
   </div>
   <div class='ocr_carea' id='block_1_3' title="bbox 351 613 1976 1242">
    <p class='ocr_par' dir='ltr' id='par_1_3' title="bbox 351 613 1976 1242">
     <span class='ocr_line' id='line_1_3' title="bbox 357 613 1974 693; baseline -0.004 -11"><span class='ocrx_word' id='word_1_7' title='bbox 357 635 439 684; x_wconf 87' lang='lat' dir='ltr'>tatem</span> <span class='ocrx_word' id='word_1_8' title='bbox 456 625 626 683; x_wconf 83' lang='lat' dir='ltr'>sedatorum</span> <span class='ocrx_word' id='word_1_9' title='bbox 638 635 700 679; x_wconf 82' lang='lat' dir='ltr'>esse</span> <span class='ocrx_word' id='word_1_10' title='bbox 714 613 858 693; x_wconf 82' lang='lat' dir='ltr'>promisit,</span> <span class='ocrx_word' id='word_1_11' title='bbox 878 621 1004 678; x_wconf 83' lang='lat' dir='ltr'>uidelicet</span> <span class='ocrx_word' id='word_1_12' title='bbox 1020 621 1139 679; x_wconf 82' lang='lat' dir='ltr'>inimici·</span> <span class='ocrx_word' id='word_1_13' title='bbox 1152 628 1173 683; x_wconf 71' lang='lat' dir='ltr'>A</span> <span class='ocrx_word' id='word_1_14' title='bbox 1188 627 1300 690; x_wconf 81' lang='lat' dir='ltr'>propter</span> <span class='ocrx_word' id='word_1_15' title='bbox 1318 617 1427 679; x_wconf 77' lang='lat' dir='ltr'>malitie</span> <span class='ocrx_word' id='word_1_16' title='bbox 1446 633 1581 677; x_wconf 80' lang='lat' dir='ltr'>uenenum</span> <span class='ocrx_word' id='word_1_17' title='bbox 1606 626 1634 675; x_wconf 90' lang='lat' dir='ltr'>et</span> <span class='ocrx_word' id='word_1_18' title='bbox 1656 615 1772 676; x_wconf 69' lang='lat' dir='ltr'>lucendi</span> <span class='ocrx_word' id='word_1_19' title='bbox 1794 616 1974 675; x_wconf 85' lang='lat' dir='ltr'>desiderium.</span> 
     </span>
     <span class='ocr_line' id='line_1_4' title="bbox 355 707 1975 783; baseline -0.007 -10"><span class='ocrx_word' id='word_1_20' title='bbox 355 720 456 773; x_wconf 85' lang='lat' dir='ltr'>tiaram</span> <span class='ocrx_word' id='word_1_21' title='bbox 469 716 600 771; x_wconf 73' lang='lat' dir='ltr'>strenuo</span> <span class='ocrx_word' id='word_1_22' title='bbox 612 728 674 769; x_wconf 88' lang='lat' dir='ltr'>eum</span> <span class='ocrx_word' id='word_1_23' title='bbox 693 728 823 770; x_wconf 80' lang='lat' dir='ltr'>exercere</span> <span class='ocrx_word' id='word_1_24' title='bbox 836 712 993 776; x_wconf 84' lang='lat' dir='ltr'>vindictam,</span> <span class='ocrx_word' id='word_1_25' title='bbox 1002 713 1139 783; x_wconf 83' lang='lat' dir='ltr'>simulque</span> <span class='ocrx_word' id='word_1_26' title='bbox 1188 707 1247 764; x_wconf 87' lang='lat' dir='ltr'>Non</span> <span class='ocrx_word' id='word_1_27' title='bbox 1260 710 1352 780; x_wconf 83' lang='lat' dir='ltr'>itaque</span> <span class='ocrx_word' id='word_1_28' title='bbox 1362 709 1395 764; x_wconf 87' lang='lat' dir='ltr'>de</span> <span class='ocrx_word' id='word_1_29' title='bbox 1408 710 1461 765; x_wconf 90' lang='lat' dir='ltr'>boe</span> <span class='ocrx_word' id='word_1_30' title='bbox 1474 709 1564 780; x_wconf 82' lang='lat' dir='ltr'>reptili</span> <span class='ocrx_word' id='word_1_31' title='bbox 1575 709 1750 773; x_wconf 83' lang='lat' dir='ltr'>conterendo,</span> <span class='ocrx_word' id='word_1_32' title='bbox 1758 707 1831 779; x_wconf 84' lang='lat' dir='ltr'>qood</span> <span class='ocrx_word' id='word_1_33' title='bbox 1843 709 1886 763; x_wconf 85' lang='lat' dir='ltr'>ris</span> <span class='ocrx_word' id='word_1_34' title='bbox 1898 711 1975 764; x_wconf 85' lang='lat' dir='ltr'>norit</span> 
     </span>
     <span class='ocr_line' id='line_1_5' title="bbox 354 799 1974 876; baseline -0.008 -10"><span class='ocrx_word' id='word_1_35' title='bbox 354 811 464 866; x_wconf 81' lang='lat' dir='ltr'>beatum</span> <span class='ocrx_word' id='word_1_36' title='bbox 478 815 507 863; x_wconf 83' lang='lat' dir='ltr'>et</span> <span class='ocrx_word' id='word_1_37' title='bbox 527 805 700 862; x_wconf 86' lang='lat' dir='ltr'>benedictum</span> <span class='ocrx_word' id='word_1_38' title='bbox 721 819 814 860; x_wconf 87' lang='lat' dir='ltr'>semen</span> <span class='ocrx_word' id='word_1_39' title='bbox 834 819 946 875; x_wconf 89' lang='lat' dir='ltr'>parere,</span> <span class='ocrx_word' id='word_1_40' title='bbox 970 803 1044 876; x_wconf 82' lang='lat' dir='ltr'>quod</span> <span class='ocrx_word' id='word_1_41' title='bbox 1066 804 1140 859; x_wconf 88' lang='lat' dir='ltr'>bello</span> <span class='ocrx_word' id='word_1_42' title='bbox 1188 801 1302 862; x_wconf 85' lang='lat' dir='ltr'>insidias</span> <span class='ocrx_word' id='word_1_43' title='bbox 1324 801 1478 866; x_wconf 86' lang='lat' dir='ltr'>declinare,</span> <span class='ocrx_word' id='word_1_44' title='bbox 1500 803 1624 872; x_wconf 80' lang='lat' dir='ltr'>qoamlris</span> <span class='ocrx_word' id='word_1_45' title='bbox 1643 799 1671 855; x_wconf 90' lang='lat' dir='ltr'>in</span> <span class='ocrx_word' id='word_1_46' title='bbox 1691 807 1789 855; x_wconf 83' lang='lat' dir='ltr'>natura</span> <span class='ocrx_word' id='word_1_47' title='bbox 1803 813 1974 854; x_wconf 78' lang='lat' dir='ltr'>venenosum</span> 
     </span>
     <span class='ocr_line' id='line_1_6' title="bbox 356 890 1976 968; baseline -0.006 -14"><span class='ocrx_word' id='word_1_48' title='bbox 356 901 428 956; x_wconf 87' lang='lat' dir='ltr'>illter</span> <span class='ocrx_word' id='word_1_49' title='bbox 440 901 587 956; x_wconf 79' lang='lat' dir='ltr'>numanum</span> <span class='ocrx_word' id='word_1_50' title='bbox 602 913 688 968; x_wconf 70' lang='lat' dir='ltr'>genus</span> <span class='ocrx_word' id='word_1_51' title='bbox 699 903 727 953; x_wconf 91' lang='lat' dir='ltr'>et</span> <span class='ocrx_word' id='word_1_52' title='bbox 747 896 932 952; x_wconf 77' lang='lat' dir='ltr'>adversarium</span> <span class='ocrx_word' id='word_1_53' title='bbox 949 897 1031 954; x_wconf 82' lang='lat' dir='ltr'>duem</span> <span class='ocrx_word' id='word_1_54' title='bbox 1047 896 1137 962; x_wconf 87' lang='lat' dir='ltr'>daret,</span> <span class='ocrx_word' id='word_1_55' title='bbox 1188 896 1234 961; x_wconf 91' lang='lat' dir='ltr'>sit,</span> <span class='ocrx_word' id='word_1_56' title='bbox 1253 893 1300 951; x_wconf 85' lang='lat' dir='ltr'>bei</span> <span class='ocrx_word' id='word_1_57' title='bbox 1314 891 1436 965; x_wconf 73' lang='lat' dir='ltr'>procedit</span> <span class='ocrx_word' id='word_1_58' title='bbox 1453 891 1647 961; x_wconf 61' lang='lat' dir='ltr'>commiserim</span> <span class='ocrx_word' id='word_1_59' title='bbox 1660 890 1707 949; x_wconf 89' lang='lat' dir='ltr'>sed</span> <span class='ocrx_word' id='word_1_60' title='bbox 1721 891 1756 947; x_wconf 90' lang='lat' dir='ltr'>de</span> <span class='ocrx_word' id='word_1_61' title='bbox 1773 891 1881 962; x_wconf 82' lang='lat' dir='ltr'>illoqlli</span> <span class='ocrx_word' id='word_1_62' title='bbox 1895 890 1976 946; x_wconf 86' lang='lat' dir='ltr'>calli·</span> 
     </span>
     <span class='ocr_line' id='line_1_7' title="bbox 355 981 1975 1063; baseline -0.003 -19"><span class='ocrx_word' id='word_1_63' title='bbox 355 1006 404 1063; x_wconf 90' lang='lat' dir='ltr'>per</span> <span class='ocrx_word' id='word_1_64' title='bbox 422 989 476 1045; x_wconf 90' lang='lat' dir='ltr'>boe</span> <span class='ocrx_word' id='word_1_65' title='bbox 493 989 566 1060; x_wconf 81' lang='lat' dir='ltr'>quod</span> <span class='ocrx_word' id='word_1_66' title='bbox 581 995 663 1059; x_wconf 84' lang='lat' dir='ltr'>eaput</span> <span class='ocrx_word' id='word_1_67' title='bbox 683 987 744 1058; x_wconf 84' lang='lat' dir='ltr'>ejus</span> <span class='ocrx_word' id='word_1_68' title='bbox 767 1003 823 1043; x_wconf 92' lang='lat' dir='ltr'>non</span> <span class='ocrx_word' id='word_1_69' title='bbox 844 997 949 1043; x_wconf 88' lang='lat' dir='ltr'>tanturn</span> <span class='ocrx_word' id='word_1_70' title='bbox 970 988 1137 1053; x_wconf 85' lang='lat' dir='ltr'>humiliaret,</span> <span class='ocrx_word' id='word_1_71' title='bbox 1188 988 1249 1044; x_wconf 92' lang='lat' dir='ltr'>dior</span> <span class='ocrx_word' id='word_1_72' title='bbox 1277 996 1320 1043; x_wconf 90' lang='lat' dir='ltr'>est</span> <span class='ocrx_word' id='word_1_73' title='bbox 1333 984 1440 1042; x_wconf 87' lang='lat' dir='ltr'>eunetis</span> <span class='ocrx_word' id='word_1_74' title='bbox 1467 984 1653 1041; x_wconf 85' lang='lat' dir='ltr'>animantibus</span> <span class='ocrx_word' id='word_1_75' title='bbox 1675 1001 1737 1056; x_wconf 83' lang='lat' dir='ltr'>qllae</span> <span class='ocrx_word' id='word_1_76' title='bbox 1750 984 1814 1040; x_wconf 86' lang='lat' dir='ltr'>lecit</span> <span class='ocrx_word' id='word_1_77' title='bbox 1838 981 1975 1039; x_wconf 76' lang='lat' dir='ltr'>borrellum</span> 
     </span>
     <span class='ocr_line' id='line_1_8' title="bbox 353 1074 1974 1150; baseline -0.004 -16"><span class='ocrx_word' id='word_1_78' title='bbox 353 1081 671 1144; x_wconf 80' lang='lat' dir='ltr'>aotmlneraret‚seder</span> <span class='ocrx_word' id='word_1_79' title='bbox 683 1077 1048 1145; x_wconf 72' lang='lat' dir='ltr'>totocontereret,Quo&gt;.nam</span> <span class='ocrx_word' id='word_1_80' title='bbox 1057 1087 1140 1150; x_wconf 82' lang='lat' dir='ltr'>putas</span> <span class='ocrx_word' id='word_1_81' title='bbox 1189 1080 1271 1135; x_wconf 86' lang='lat' dir='ltr'>bens.</span> <span class='ocrx_word' id='word_1_82' title='bbox 1294 1077 1328 1132; x_wconf 86' lang='lat' dir='ltr'>Et</span> <span class='ocrx_word' id='word_1_83' title='bbox 1344 1085 1374 1132; x_wconf 91' lang='lat' dir='ltr'>ot</span> <span class='ocrx_word' id='word_1_84' title='bbox 1393 1085 1491 1133; x_wconf 80' lang='lat' dir='ltr'>cetera</span> <span class='ocrx_word' id='word_1_85' title='bbox 1511 1077 1586 1133; x_wconf 81' lang='lat' dir='ltr'>breui</span> <span class='ocrx_word' id='word_1_86' title='bbox 1610 1091 1736 1134; x_wconf 89' lang='lat' dir='ltr'>sermone</span> <span class='ocrx_word' id='word_1_87' title='bbox 1757 1074 1974 1139; x_wconf 78' lang='lat' dir='ltr'>concludantur,</span> 
     </span>
     <span class='ocr_line' id='line_1_9' title="bbox 351 1155 1975 1242; baseline -0.006 -12"><span class='ocrx_word' id='word_1_88' title='bbox 351 1174 457 1230; x_wconf 88' lang='lat' dir='ltr'>estistn</span> <span class='ocrx_word' id='word_1_89' title='bbox 469 1170 1138 1242; x_wconf 81' lang='lat' dir='ltr'>molier;autl1uodestistudsemen,qoodnon</span> <span class='ocrx_word' id='word_1_90' title='bbox 1188 1169 1320 1241; x_wconf 83' lang='lat' dir='ltr'>quidquid</span> <span class='ocrx_word' id='word_1_91' title='bbox 1334 1168 1397 1223; x_wconf 80' lang='lat' dir='ltr'>mali</span> <span class='ocrx_word' id='word_1_92' title='bbox 1408 1183 1470 1224; x_wconf 84' lang='lat' dir='ltr'>esso</span> <span class='ocrx_word' id='word_1_93' title='bbox 1488 1175 1597 1238; x_wconf 88' lang='lat' dir='ltr'>potest,</span> <span class='ocrx_word' id='word_1_94' title='bbox 1613 1170 1641 1224; x_wconf 93' lang='lat' dir='ltr'>in</span> <span class='ocrx_word' id='word_1_95' title='bbox 1655 1183 1688 1224; x_wconf 92' lang='lat' dir='ltr'>eo</span> <span class='ocrx_word' id='word_1_96' title='bbox 1700 1175 1752 1224; x_wconf 82' lang='lat' dir='ltr'>ent.</span> <span class='ocrx_word' id='word_1_97' title='bbox 1764 1155 1866 1222; x_wconf 82' lang='lat' dir='ltr'>De&#39;lloc</span> <span class='ocrx_word' id='word_1_98' title='bbox 1877 1171 1975 1221; x_wconf 79' lang='lat' dir='ltr'>conte-</span> 
     </span>
    </p>
   </div>
   <div class='ocr_carea' id='block_1_4' title="bbox 312 1258 1987 6023">
    <p class='ocr_par' dir='ltr' id='par_1_4' title="bbox 312 1258 1987 6023">
     <span class='ocr_line' id='line_1_10' title="bbox 330 1258 1975 1334; baseline -0.002 -14"><span class='ocrx_word' id='word_1_99' title='bbox 330 1271 395 1334; x_wconf 73' lang='lat' dir='ltr'>¹est</span> <span class='ocrx_word' id='word_1_100' title='bbox 408 1264 482 1318; x_wconf 88' lang='lat' dir='ltr'>allud</span> <span class='ocrx_word' id='word_1_101' title='bbox 496 1277 578 1334; x_wconf 84' lang='lat' dir='ltr'>qoam</span> <span class='ocrx_word' id='word_1_102' title='bbox 599 1260 672 1320; x_wconf 79' lang='lat' dir='ltr'>fliius</span> <span class='ocrx_word' id='word_1_103' title='bbox 693 1261 833 1317; x_wconf 78' lang='lat' dir='ltr'>mulieris?</span> <span class='ocrx_word' id='word_1_104' title='bbox 854 1259 901 1316; x_wconf 85' lang='lat' dir='ltr'>Sic</span> <span class='ocrx_word' id='word_1_105' title='bbox 921 1261 992 1317; x_wconf 89' lang='lat' dir='ltr'>enim</span> <span class='ocrx_word' id='word_1_106' title='bbox 1011 1261 1136 1318; x_wconf 87' lang='lat' dir='ltr'>dicitur:</span> <span class='ocrx_word' id='word_1_107' title='bbox 1187 1262 1273 1320; x_wconf 88' lang='lat' dir='ltr'>rendo</span> <span class='ocrx_word' id='word_1_108' title='bbox 1291 1264 1349 1319; x_wconf 86' lang='lat' dir='ltr'>sire</span> <span class='ocrx_word' id='word_1_109' title='bbox 1370 1261 1526 1319; x_wconf 86' lang='lat' dir='ltr'>damnando</span> <span class='ocrx_word' id='word_1_110' title='bbox 1545 1276 1635 1318; x_wconf 91' lang='lat' dir='ltr'>sermo</span> <span class='ocrx_word' id='word_1_111' title='bbox 1653 1261 1700 1315; x_wconf 85' lang='lat' dir='ltr'>Dei</span> <span class='ocrx_word' id='word_1_112' title='bbox 1725 1268 1776 1316; x_wconf 87' lang='lat' dir='ltr'>est.</span> <span class='ocrx_word' id='word_1_113' title='bbox 1793 1258 1826 1315; x_wconf 83' lang='lat' dir='ltr'>Et</span> <span class='ocrx_word' id='word_1_114' title='bbox 1845 1258 1975 1330; x_wconf 77' lang='lat' dir='ltr'>quamvis</span> 
     </span>
     <span class='ocr_line' id='line_1_11' title="bbox 326 1350 1974 1426; baseline 0.001 -21"><span class='ocrx_word' id='word_1_115' title='bbox 326 1359 335 1413; x_wconf 75' lang='lat' dir='ltr'>f:</span> <span class='ocrx_word' id='word_1_116' title='bbox 353 1352 417 1424; x_wconf 83' lang='lat' dir='ltr'>lpse</span> <span class='ocrx_word' id='word_1_117' title='bbox 433 1361 547 1411; x_wconf 78' lang='lat' dir='ltr'>moleret</span> <span class='ocrx_word' id='word_1_118' title='bbox 569 1362 648 1422; x_wconf 84' lang='lat' dir='ltr'>espst</span> <span class='ocrx_word' id='word_1_119' title='bbox 664 1360 749 1407; x_wconf 84' lang='lat' dir='ltr'>tsllm.</span> <span class='ocrx_word' id='word_1_120' title='bbox 762 1350 818 1407; x_wconf 86' lang='lat' dir='ltr'>Nos</span> <span class='ocrx_word' id='word_1_121' title='bbox 831 1350 921 1410; x_wconf 78' lang='lat' dir='ltr'>barini</span> <span class='ocrx_word' id='word_1_122' title='bbox 938 1351 1053 1422; x_wconf 70' lang='lat' dir='ltr'>legimus</span> <span class='ocrx_word' id='word_1_123' title='bbox 1066 1353 1136 1422; x_wconf 81' lang='lat' dir='ltr'>ipro,</span> <span class='ocrx_word' id='word_1_124' title='bbox 1187 1357 1245 1426; x_wconf 85' lang='lat' dir='ltr'>ipse</span> <span class='ocrx_word' id='word_1_125' title='bbox 1259 1354 1373 1426; x_wconf 86' lang='lat' dir='ltr'>spiritus</span> <span class='ocrx_word' id='word_1_126' title='bbox 1392 1352 1500 1408; x_wconf 87' lang='lat' dir='ltr'>subtilis</span> <span class='ocrx_word' id='word_1_127' title='bbox 1515 1363 1620 1408; x_wconf 77' lang='lat' dir='ltr'>nature</span> <span class='ocrx_word' id='word_1_128' title='bbox 1630 1353 1675 1416; x_wconf 84' lang='lat' dir='ltr'>sit,</span> <span class='ocrx_word' id='word_1_129' title='bbox 1691 1352 1812 1421; x_wconf 78' lang='lat' dir='ltr'><strong>nihilque</strong></span> <span class='ocrx_word' id='word_1_130' title='bbox 1825 1363 1974 1407; x_wconf 82' lang='lat' dir='ltr'>commone</span> 
     </span>
     <span class='ocr_line' id='line_1_12' title="bbox 351 1440 1974 1514; baseline -0.002 -13.077"><span class='ocrx_word' id='word_1_131' title='bbox 351 1443 400 1501; x_wconf 87' lang='lat' dir='ltr'>sed</span> <span class='ocrx_word' id='word_1_132' title='bbox 422 1443 521 1500; x_wconf 88' lang='lat' dir='ltr'>melius</span> <span class='ocrx_word' id='word_1_133' title='bbox 539 1443 655 1498; x_wconf 84' lang='lat' dir='ltr'>hallctnr</span> <span class='ocrx_word' id='word_1_134' title='bbox 671 1443 699 1499; x_wconf 91' lang='lat' dir='ltr'>in</span> <span class='ocrx_word' id='word_1_135' title='bbox 711 1442 845 1498; x_wconf 74' lang='lat' dir='ltr'>Hebraico</span> <span class='ocrx_word' id='word_1_136' title='bbox 859 1444 912 1512; x_wconf 85' lang='lat' dir='ltr'>ipse</span> <span class='ocrx_word' id='word_1_137' title='bbox 926 1452 1040 1498; x_wconf 83' lang='lat' dir='ltr'>conteret</span> <span class='ocrx_word' id='word_1_138' title='bbox 1059 1453 1137 1511; x_wconf 84' lang='lat' dir='ltr'>copst</span> <span class='ocrx_word' id='word_1_139' title='bbox 1188 1445 1286 1501; x_wconf 86' lang='lat' dir='ltr'>babeat</span> <span class='ocrx_word' id='word_1_140' title='bbox 1298 1459 1361 1500; x_wconf 84' lang='lat' dir='ltr'>euna</span> <span class='ocrx_word' id='word_1_141' title='bbox 1377 1442 1486 1502; x_wconf 88' lang='lat' dir='ltr'>carneis</span> <span class='ocrx_word' id='word_1_142' title='bbox 1501 1442 1687 1514; x_wconf 82' lang='lat' dir='ltr'>membrisque</span> <span class='ocrx_word' id='word_1_143' title='bbox 1704 1443 1855 1511; x_wconf 89' lang='lat' dir='ltr'>corporeis,</span> <span class='ocrx_word' id='word_1_144' title='bbox 1870 1440 1906 1497; x_wconf 79' lang='lat' dir='ltr'>eb</span> <span class='ocrx_word' id='word_1_145' title='bbox 1920 1440 1974 1498; x_wconf 87' lang='lat' dir='ltr'>ito·</span> 
     </span>
     <span class='ocr_line' id='line_1_13' title="bbox 312 1532 1974 1605; baseline -0.001 -17"><span class='ocrx_word' id='word_1_146' title='bbox 312 1535 314 1539; x_wconf 78' lang='grc'>’</span> <span class='ocrx_word' id='word_1_147' title='bbox 351 1545 437 1591; x_wconf 91' lang='grc' dir='ltr'>ιιιιιιιι.</span> <span class='ocrx_word' id='word_1_148' title='bbox 458 1533 528 1601; x_wconf 76' lang='lat' dir='ltr'>Quia</span> <span class='ocrx_word' id='word_1_149' title='bbox 547 1534 591 1590; x_wconf 87' lang='lat' dir='ltr'>llis</span> <span class='ocrx_word' id='word_1_150' title='bbox 607 1534 698 1591; x_wconf 81' lang='lat' dir='ltr'>serbis</span> <span class='ocrx_word' id='word_1_151' title='bbox 710 1532 792 1590; x_wconf 79' lang='lat' dir='ltr'>detur</span> <span class='ocrx_word' id='word_1_152' title='bbox 811 1533 927 1605; x_wconf 72' lang='lat' dir='ltr'>intelligi</span> <span class='ocrx_word' id='word_1_153' title='bbox 945 1532 1018 1604; x_wconf 83' lang='lat' dir='ltr'>quod</span> <span class='ocrx_word' id='word_1_154' title='bbox 1039 1535 1138 1592; x_wconf 87' lang='lat' dir='ltr'>molier</span> <span class='ocrx_word' id='word_1_155' title='bbox 1186 1537 1260 1593; x_wconf 90' lang='lat' dir='ltr'>mine</span> <span class='ocrx_word' id='word_1_156' title='bbox 1273 1545 1363 1591; x_wconf 88' lang='lat' dir='ltr'>tamen</span> <span class='ocrx_word' id='word_1_157' title='bbox 1377 1534 1501 1590; x_wconf 91' lang='lat' dir='ltr'>incarne</span> <span class='ocrx_word' id='word_1_158' title='bbox 1514 1533 1622 1589; x_wconf 86' lang='lat' dir='ltr'>livente</span> <span class='ocrx_word' id='word_1_159' title='bbox 1632 1532 1814 1589; x_wconf 88' lang='lat' dir='ltr'>conterendus</span> <span class='ocrx_word' id='word_1_160' title='bbox 1827 1547 1890 1589; x_wconf 83' lang='lat' dir='ltr'>esse</span> <span class='ocrx_word' id='word_1_161' title='bbox 1901 1546 1974 1603; x_wconf 79' lang='lat' dir='ltr'>prae-</span> 
     </span>
     <span class='ocr_line' id='line_1_14' title="bbox 349 1621 1973 1698; baseline -0.003 -14"><span class='ocrx_word' id='word_1_162' title='bbox 349 1636 423 1684; x_wconf 86' lang='lat' dir='ltr'>esset</span> <span class='ocrx_word' id='word_1_163' title='bbox 438 1626 523 1688; x_wconf 71' lang='lat' dir='ltr'>ilium</span> <span class='ocrx_word' id='word_1_164' title='bbox 538 1627 678 1698; x_wconf 85' lang='lat' dir='ltr'>paritura,</span> <span class='ocrx_word' id='word_1_165' title='bbox 693 1626 740 1698; x_wconf 82' lang='lat' dir='ltr'>qui</span> <span class='ocrx_word' id='word_1_166' title='bbox 755 1624 948 1698; x_wconf 85' lang='lat' dir='ltr'>caputdiaboli</span> <span class='ocrx_word' id='word_1_167' title='bbox 959 1633 987 1682; x_wconf 91' lang='lat' dir='ltr'>et</span> <span class='ocrx_word' id='word_1_168' title='bbox 1001 1625 1141 1698; x_wconf 86' lang='lat' dir='ltr'>serpentis.</span> <span class='ocrx_word' id='word_1_169' title='bbox 1186 1626 1319 1686; x_wconf 86' lang='lat' dir='ltr'>dicators</span> <span class='ocrx_word' id='word_1_170' title='bbox 1333 1624 1460 1689; x_wconf 79' lang='lat' dir='ltr'>Domino,</span> <span class='ocrx_word' id='word_1_171' title='bbox 1470 1624 1518 1695; x_wconf 90' lang='lat' dir='ltr'>qui</span> <span class='ocrx_word' id='word_1_172' title='bbox 1530 1624 1569 1678; x_wconf 90' lang='lat' dir='ltr'>ait</span> <span class='ocrx_word' id='word_1_173' title='bbox 1586 1643 1593 1678; x_wconf 91' lang='lat'><strong>:</strong></span> <span class='ocrx_word' id='word_1_174' title='bbox 1610 1622 1680 1694; x_wconf 84' lang='lat' dir='ltr'>lpse,</span> <span class='ocrx_word' id='word_1_175' title='bbox 1696 1621 1724 1678; x_wconf 95' lang='lat' dir='ltr'>id</span> <span class='ocrx_word' id='word_1_176' title='bbox 1738 1631 1780 1679; x_wconf 89' lang='lat' dir='ltr'>est</span> <span class='ocrx_word' id='word_1_177' title='bbox 1793 1638 1888 1681; x_wconf 82' lang='lat' dir='ltr'>semen</span> <span class='ocrx_word' id='word_1_178' title='bbox 1908 1639 1973 1680; x_wconf 82' lang='lat' dir='ltr'>mu-</span> 
     </span>
     <span class='ocr_line' id='line_1_15' title="bbox 350 1714 1973 1792; baseline -0.002 -17"><span class='ocrx_word' id='word_1_179' title='bbox 350 1719 466 1789; x_wconf 82' lang='lat' dir='ltr'>aotiqul,</span> <span class='ocrx_word' id='word_1_180' title='bbox 481 1720 533 1775; x_wconf 88' lang='lat' dir='ltr'>llee</span> <span class='ocrx_word' id='word_1_181' title='bbox 543 1729 586 1776; x_wconf 88' lang='lat' dir='ltr'>est</span> <span class='ocrx_word' id='word_1_182' title='bbox 599 1719 626 1774; x_wconf 92' lang='lat' dir='ltr'>id</span> <span class='ocrx_word' id='word_1_183' title='bbox 639 1720 713 1792; x_wconf 83' lang='lat' dir='ltr'>quod</span> <span class='ocrx_word' id='word_1_184' title='bbox 728 1720 756 1775; x_wconf 93' lang='lat' dir='ltr'>in</span> <span class='ocrx_word' id='word_1_185' title='bbox 769 1735 803 1777; x_wconf 93' lang='lat' dir='ltr'>eo</span> <span class='ocrx_word' id='word_1_186' title='bbox 818 1719 968 1791; x_wconf 73' lang='lat' dir='ltr'>principale</span> <span class='ocrx_word' id='word_1_187' title='bbox 987 1717 1050 1785; x_wconf 87' lang='lat' dir='ltr'>luit,</span> <span class='ocrx_word' id='word_1_188' title='bbox 1060 1718 1137 1776; x_wconf 84' lang='lat' dir='ltr'>ride·</span> <span class='ocrx_word' id='word_1_189' title='bbox 1186 1718 1272 1783; x_wconf 91' lang='lat' dir='ltr'>lieris,</span> <span class='ocrx_word' id='word_1_190' title='bbox 1285 1726 1398 1773; x_wconf 81' lang='lat' dir='ltr'>conteret</span> <span class='ocrx_word' id='word_1_191' title='bbox 1407 1727 1485 1789; x_wconf 82' lang='lat' dir='ltr'>ceput</span> <span class='ocrx_word' id='word_1_192' title='bbox 1496 1727 1570 1773; x_wconf 86' lang='grc' dir='ltr'>ιιιιιιιι</span> <span class='ocrx_word' id='word_1_193' title='bbox 1583 1714 1659 1789; x_wconf 71' lang='lat' dir='ltr'>(Geel.</span> <span class='ocrx_word' id='word_1_194' title='bbox 1674 1716 1804 1788; x_wconf 84' lang='lat' dir='ltr'>111).de</span> <span class='ocrx_word' id='word_1_195' title='bbox 1818 1723 1862 1774; x_wconf 86' lang='lat' dir='ltr'>est</span> <span class='ocrx_word' id='word_1_196' title='bbox 1875 1731 1973 1773; x_wconf 62' lang='lat' dir='ltr'>minen</span> 
     </span>
     <span class='ocr_line' id='line_1_16' title="bbox 351 1802 1987 1884; baseline 0.001 -20"><span class='ocrx_word' id='word_1_197' title='bbox 351 1810 414 1866; x_wconf 84' lang='lat' dir='ltr'>licet</span> <span class='ocrx_word' id='word_1_198' title='bbox 438 1811 566 1881; x_wconf 77' lang='lat' dir='ltr'>superbia</span> <span class='ocrx_word' id='word_1_199' title='bbox 592 1827 646 1883; x_wconf 84' lang='lat' dir='ltr'>qua</span> <span class='ocrx_word' id='word_1_200' title='bbox 671 1812 765 1884; x_wconf 69' lang='lat' dir='ltr'>penori</span> <span class='ocrx_word' id='word_1_201' title='bbox 788 1811 981 1868; x_wconf 72' lang='lat' dir='ltr'>dominabatur</span> <span class='ocrx_word' id='word_1_202' title='bbox 1003 1811 1134 1880; x_wconf 82' lang='lat' dir='ltr'>humano,</span> <span class='ocrx_word' id='word_1_203' title='bbox 1185 1811 1324 1875; x_wconf 88' lang='lat' dir='ltr'>mulieris,</span> <span class='ocrx_word' id='word_1_204' title='bbox 1344 1809 1417 1881; x_wconf 85' lang='lat' dir='ltr'>qood</span> <span class='ocrx_word' id='word_1_205' title='bbox 1434 1807 1576 1867; x_wconf 89' lang='lat' dir='ltr'>masculus</span> <span class='ocrx_word' id='word_1_206' title='bbox 1599 1809 1751 1866; x_wconf 86' lang='lat' dir='ltr'>masculino</span> <span class='ocrx_word' id='word_1_207' title='bbox 1778 1823 1876 1879; x_wconf 77' lang='lat' dir='ltr'>pellere</span> <span class='ocrx_word' id='word_1_208' title='bbox 1900 1802 1987 1878; x_wconf 61' lang='lat' dir='ltr'>ml.-</span> 
     </span>
     <span class='ocr_line' id='line_1_17' title="bbox 350 1897 1973 1974; baseline -0.002 -17"><span class='ocrx_word' id='word_1_209' title='bbox 350 1903 461 1973; x_wconf 86' lang='lat' dir='ltr'>propria</span> <span class='ocrx_word' id='word_1_210' title='bbox 474 1904 576 1961; x_wconf 78' lang='lat' dir='ltr'>uirtute</span> <span class='ocrx_word' id='word_1_211' title='bbox 590 1905 786 1960; x_wconf 89' lang='lat' dir='ltr'>comminueret</span> <span class='ocrx_word' id='word_1_212' title='bbox 800 1912 881 1974; x_wconf 81' lang='lat' dir='ltr'>atque</span> <span class='ocrx_word' id='word_1_213' title='bbox 892 1910 1061 1967; x_wconf 85' lang='lat' dir='ltr'>contereret:</span> <span class='ocrx_word' id='word_1_214' title='bbox 1076 1906 1134 1962; x_wconf 85' lang='lat' dir='ltr'>sie·</span> <span class='ocrx_word' id='word_1_215' title='bbox 1186 1902 1310 1972; x_wconf 75' lang='lat' dir='ltr'>signatur</span> <span class='ocrx_word' id='word_1_216' title='bbox 1325 1915 1387 1956; x_wconf 92' lang='lat' dir='ltr'>eum</span> <span class='ocrx_word' id='word_1_217' title='bbox 1399 1901 1500 1961; x_wconf 90' lang='lat' dir='ltr'>dieitur</span> <span class='ocrx_word' id='word_1_218' title='bbox 1518 1901 1584 1970; x_wconf 81' lang='lat' dir='ltr'>ipse,</span> <span class='ocrx_word' id='word_1_219' title='bbox 1599 1900 1654 1956; x_wconf 85' lang='lat' dir='ltr'>nisi</span> <span class='ocrx_word' id='word_1_220' title='bbox 1672 1899 1773 1958; x_wconf 84' lang='lat' dir='ltr'>llonloi</span> <span class='ocrx_word' id='word_1_221' title='bbox 1786 1897 1816 1954; x_wconf 82' lang='lat' dir='ltr'>Et</span> <span class='ocrx_word' id='word_1_222' title='bbox 1832 1898 1973 1968; x_wconf 83' lang='lat' dir='ltr'>quomoda</span> 
     </span>
     <span class='ocr_line' id='line_1_18' title="bbox 349 1981 1972 2063; baseline -0.003 -13"><span class='ocrx_word' id='word_1_223' title='bbox 349 2006 404 2060; x_wconf 78' lang='lat' dir='ltr'>ooo</span> <span class='ocrx_word' id='word_1_224' title='bbox 419 2008 467 2063; x_wconf 86' lang='lat' dir='ltr'>por</span> <span class='ocrx_word' id='word_1_225' title='bbox 477 1994 618 2050; x_wconf 90' lang='lat' dir='ltr'>mulierem</span> <span class='ocrx_word' id='word_1_226' title='bbox 634 1993 792 2052; x_wconf 87' lang='lat' dir='ltr'>inimicitias</span> <span class='ocrx_word' id='word_1_227' title='bbox 811 1994 943 2053; x_wconf 81' lang='lat' dir='ltr'>adversus</span> <span class='ocrx_word' id='word_1_228' title='bbox 957 2011 1017 2052; x_wconf 87' lang='lat' dir='ltr'>eam</span> <span class='ocrx_word' id='word_1_229' title='bbox 1031 1998 1136 2056; x_wconf 73' lang='lat' dir='ltr'>babon-</span> <span class='ocrx_word' id='word_1_230' title='bbox 1150 1981 1171 2037; x_wconf 87' lang='lat' dir='ltr'>B</span> <span class='ocrx_word' id='word_1_231' title='bbox 1187 2000 1276 2063; x_wconf 88' lang='lat' dir='ltr'>potest</span> <span class='ocrx_word' id='word_1_232' title='bbox 1289 1992 1370 2048; x_wconf 91' lang='lat' dir='ltr'>bomo</span> <span class='ocrx_word' id='word_1_233' title='bbox 1383 1993 1431 2063; x_wconf 81' lang='lat' dir='ltr'>qui</span> <span class='ocrx_word' id='word_1_234' title='bbox 1445 2006 1529 2047; x_wconf 88' lang='lat' dir='ltr'>carne</span> <span class='ocrx_word' id='word_1_235' title='bbox 1545 1991 1669 2051; x_wconf 81' lang='lat' dir='ltr'>vestitur,</span> <span class='ocrx_word' id='word_1_236' title='bbox 1684 2004 1766 2060; x_wconf 82' lang='lat' dir='ltr'>quam</span> <span class='ocrx_word' id='word_1_237' title='bbox 1780 1987 1852 2044; x_wconf 82' lang='lat' dir='ltr'>ileos</span> <span class='ocrx_word' id='word_1_238' title='bbox 1866 1989 1972 2060; x_wconf 87' lang='lat' dir='ltr'>promi·</span> 
     </span>
     <span class='ocr_line' id='line_1_19' title="bbox 312 2081 1970 2161; baseline -0.005 -17"><span class='ocrx_word' id='word_1_239' title='bbox 312 2134 316 2144; x_wconf 92' lang='lat'><em>.</em></span> <span class='ocrx_word' id='word_1_240' title='bbox 350 2091 444 2142; x_wconf 86' lang='lat' dir='ltr'>temet</span> <span class='ocrx_word' id='word_1_241' title='bbox 459 2100 508 2155; x_wconf 90' lang='lat' dir='ltr'>per</span> <span class='ocrx_word' id='word_1_242' title='bbox 519 2084 605 2141; x_wconf 87' lang='lat' dir='ltr'>lilium</span> <span class='ocrx_word' id='word_1_243' title='bbox 619 2086 715 2142; x_wconf 86' lang='lat' dir='ltr'>matris</span> <span class='ocrx_word' id='word_1_244' title='bbox 729 2086 857 2156; x_wconf 79' lang='lat' dir='ltr'>injuriam</span> <span class='ocrx_word' id='word_1_245' title='bbox 873 2087 1056 2145; x_wconf 77' lang='lat' dir='ltr'>uindicantem</span> <span class='ocrx_word' id='word_1_246' title='bbox 1071 2106 1135 2161; x_wconf 82' lang='lat' dir='ltr'>pro·</span> <span class='ocrx_word' id='word_1_247' title='bbox 1185 2085 1267 2141; x_wconf 83' lang='lat' dir='ltr'>eilde</span> <span class='ocrx_word' id='word_1_248' title='bbox 1280 2084 1377 2156; x_wconf 91' lang='lat' dir='ltr'>spiritu</span> <span class='ocrx_word' id='word_1_249' title='bbox 1392 2081 1970 2154; x_wconf 79' lang='lat' dir='ltr'>incorporeosindictnlnassumereiliuoc</span> 
     </span>
     <span class='ocr_line' id='line_1_20' title="bbox 348 2172 1969 2252; baseline -0.001 -22"><span class='ocrx_word' id='word_1_250' title='bbox 348 2176 455 2233; x_wconf 81' lang='lat' dir='ltr'>ueniret</span> <span class='ocrx_word' id='word_1_251' title='bbox 470 2177 574 2233; x_wconf 90' lang='lat' dir='ltr'>bomini</span> <span class='ocrx_word' id='word_1_252' title='bbox 589 2177 666 2248; x_wconf 86' lang='lat' dir='ltr'>lapso</span> <span class='ocrx_word' id='word_1_253' title='bbox 678 2178 840 2243; x_wconf 81' lang='lat' dir='ltr'>victoria,et</span> <span class='ocrx_word' id='word_1_254' title='bbox 860 2178 999 2239; x_wconf 81' lang='lat' dir='ltr'>seductori</span> <span class='ocrx_word' id='word_1_255' title='bbox 1018 2181 1135 2252; x_wconf 77' lang='lat' dir='ltr'>perditio</span> <span class='ocrx_word' id='word_1_256' title='bbox 1185 2185 1260 2234; x_wconf 90' lang='lat' dir='ltr'>tuum</span> <span class='ocrx_word' id='word_1_257' title='bbox 1276 2184 1319 2233; x_wconf 89' lang='lat' dir='ltr'>est</span> <span class='ocrx_word' id='word_1_258' title='bbox 1343 2175 1484 2232; x_wconf 91' lang='lat' dir='ltr'>mulierem</span> <span class='ocrx_word' id='word_1_259' title='bbox 1499 2182 1527 2230; x_wconf 92' lang='lat' dir='ltr'>et</span> <span class='ocrx_word' id='word_1_260' title='bbox 1547 2176 1632 2229; x_wconf 84' lang='lat' dir='ltr'>illium</span> <span class='ocrx_word' id='word_1_261' title='bbox 1656 2173 1717 2244; x_wconf 82' lang='lat' dir='ltr'>ejus</span> <span class='ocrx_word' id='word_1_262' title='bbox 1736 2172 1891 2237; x_wconf 80' lang='lat' dir='ltr'>ostendere,</span> <span class='ocrx_word' id='word_1_263' title='bbox 1905 2185 1969 2228; x_wconf 84' lang='lat' dir='ltr'>eum</span> 
     </span>
     <span class='ocr_line' id='line_1_21' title="bbox 349 2263 1969 2339; baseline -0.003 -14"><span class='ocrx_word' id='word_1_264' title='bbox 349 2269 526 2338; x_wconf 81' lang='lat' dir='ltr'>sempiterna.</span> <span class='ocrx_word' id='word_1_265' title='bbox 1184 2284 1239 2328; x_wconf 90' lang='lat' dir='ltr'>non</span> <span class='ocrx_word' id='word_1_266' title='bbox 1259 2269 1348 2338; x_wconf 85' lang='lat' dir='ltr'>pessis</span> <span class='ocrx_word' id='word_1_267' title='bbox 1366 2268 1400 2325; x_wconf 93' lang='lat' dir='ltr'>de</span> <span class='ocrx_word' id='word_1_268' title='bbox 1415 2267 1470 2324; x_wconf 83' lang='lat' dir='ltr'>an</span> <span class='ocrx_word' id='word_1_269' title='bbox 1487 2268 1560 2339; x_wconf 87' lang='lat' dir='ltr'>quod</span> <span class='ocrx_word' id='word_1_270' title='bbox 1581 2267 1638 2323; x_wconf 81' lang='lat' dir='ltr'>baec</span> <span class='ocrx_word' id='word_1_271' title='bbox 1650 2266 1744 2323; x_wconf 86' lang='lat' dir='ltr'>eadem</span> <span class='ocrx_word' id='word_1_272' title='bbox 1763 2263 1820 2336; x_wconf 86' lang='lat' dir='ltr'>ipsa</span> <span class='ocrx_word' id='word_1_273' title='bbox 1837 2266 1889 2330; x_wconf 86' lang='lat' dir='ltr'>sit,</span> <span class='ocrx_word' id='word_1_274' title='bbox 1909 2279 1969 2320; x_wconf 86' lang='lat' dir='ltr'>am·</span> 
     </span>
     <span class='ocr_line' id='line_1_22' title="bbox 383 2356 1970 2437; baseline -0.001 -22"><span class='ocrx_word' id='word_1_275' title='bbox 383 2359 428 2417; x_wconf 70' lang='lat' dir='ltr'>ld.</span> <span class='ocrx_word' id='word_1_276' title='bbox 444 2358 478 2417; x_wconf 77' lang='lat' dir='ltr'>Et</span> <span class='ocrx_word' id='word_1_277' title='bbox 489 2360 641 2420; x_wconf 82' lang='lat' dir='ltr'>nolendum</span> <span class='ocrx_word' id='word_1_278' title='bbox 652 2361 728 2433; x_wconf 76' lang='lat' dir='ltr'>quod</span> <span class='ocrx_word' id='word_1_279' title='bbox 742 2378 798 2420; x_wconf 89' lang='lat' dir='ltr'>non</span> <span class='ocrx_word' id='word_1_280' title='bbox 812 2363 1061 2437; x_wconf 70' lang='lat' dir='ltr'>dixitndpraseos</span> <span class='ocrx_word' id='word_1_281' title='bbox 1076 2365 1133 2420; x_wconf 78' lang='grc' dir='ltr'>ιιιῑ.</span> <span class='ocrx_word' id='word_1_282' title='bbox 1183 2360 1255 2430; x_wconf 88' lang='lat' dir='ltr'>plius</span> <span class='ocrx_word' id='word_1_283' title='bbox 1275 2359 1427 2430; x_wconf 88' lang='lat' dir='ltr'>disputare.</span> <span class='ocrx_word' id='word_1_284' title='bbox 1450 2359 1561 2416; x_wconf 84' lang='lat' dir='ltr'>Discute</span> <span class='ocrx_word' id='word_1_285' title='bbox 1580 2360 1701 2430; x_wconf 88' lang='lat' dir='ltr'>quinque</span> <span class='ocrx_word' id='word_1_286' title='bbox 1724 2358 1855 2414; x_wconf 89' lang='lat' dir='ltr'>librorum</span> <span class='ocrx_word' id='word_1_287' title='bbox 1881 2356 1970 2430; x_wconf 78' lang='lat' dir='ltr'>bioysi</span> 
     </span>
     <span class='ocr_line' id='line_1_23' title="bbox 347 2448 1971 2529; baseline -0.002 -18"><span class='ocrx_word' id='word_1_288' title='bbox 347 2451 467 2511; x_wconf 70' lang='lat' dir='ltr'>miciliae</span> <span class='ocrx_word' id='word_1_289' title='bbox 486 2467 572 2526; x_wconf 56' lang='lat' dir='ltr'>pono..</span> <span class='ocrx_word' id='word_1_290' title='bbox 585 2454 634 2510; x_wconf 79' lang='lat' dir='ltr'>sed</span> <span class='ocrx_word' id='word_1_291' title='bbox 650 2455 717 2510; x_wconf 92' lang='lat' dir='ltr'>illud</span> <span class='ocrx_word' id='word_1_292' title='bbox 740 2454 767 2512; x_wconf 91' lang='lat' dir='ltr'>in</span> <span class='ocrx_word' id='word_1_293' title='bbox 785 2455 1136 2529; x_wconf 74' lang='lat' dir='ltr'>lllturopromittens‚1m·.</span> <span class='ocrx_word' id='word_1_294' title='bbox 1183 2452 1331 2517; x_wconf 84' lang='lat' dir='ltr'>uolumina,</span> <span class='ocrx_word' id='word_1_295' title='bbox 1347 2454 1453 2507; x_wconf 91' lang='lat' dir='ltr'>rieenon</span> <span class='ocrx_word' id='word_1_296' title='bbox 1467 2458 1494 2506; x_wconf 92' lang='lat' dir='ltr'>et</span> <span class='ocrx_word' id='word_1_297' title='bbox 1506 2449 1589 2515; x_wconf 83' lang='lat' dir='ltr'>ilotll,</span> <span class='ocrx_word' id='word_1_298' title='bbox 1598 2448 1723 2507; x_wconf 77' lang='lat' dir='ltr'>iudicum</span> <span class='ocrx_word' id='word_1_299' title='bbox 1737 2459 1764 2505; x_wconf 91' lang='lat' dir='ltr'>et</span> <span class='ocrx_word' id='word_1_300' title='bbox 1777 2450 1885 2513; x_wconf 82' lang='lat' dir='ltr'>Esther,</span> <span class='ocrx_word' id='word_1_301' title='bbox 1891 2448 1971 2507; x_wconf 79' lang='lat' dir='ltr'>lsaias</span> 
     </span>
     <span class='ocr_line' id='line_1_24' title="bbox 346 2541 1970 2619; baseline 0.008 -26"><span class='ocrx_word' id='word_1_302' title='bbox 346 2541 474 2601; x_wconf 77' lang='lat' dir='ltr'>miciliae.</span> <span class='ocrx_word' id='word_1_303' title='bbox 491 2542 591 2613; x_wconf 81' lang='lat' dir='ltr'>inquit,</span> <span class='ocrx_word' id='word_1_304' title='bbox 611 2558 707 2614; x_wconf 82' lang='lat' dir='ltr'>ponem</span> <span class='ocrx_word' id='word_1_305' title='bbox 723 2547 791 2603; x_wconf 84' lang='lat' dir='ltr'>inter</span> <span class='ocrx_word' id='word_1_306' title='bbox 813 2559 838 2603; x_wconf 87' lang='lat' dir='ltr'>te</span> <span class='ocrx_word' id='word_1_307' title='bbox 858 2559 883 2603; x_wconf 87' lang='lat' dir='ltr'>et</span> <span class='ocrx_word' id='word_1_308' title='bbox 901 2549 1046 2608; x_wconf 79' lang='lat' dir='ltr'>mulierem.</span> <span class='ocrx_word' id='word_1_309' title='bbox 1073 2548 1133 2606; x_wconf 84' lang='lat' dir='ltr'>Non</span> <span class='ocrx_word' id='word_1_310' title='bbox 1183 2556 1210 2604; x_wconf 90' lang='lat' dir='ltr'>et</span> <span class='ocrx_word' id='word_1_311' title='bbox 1229 2547 1372 2604; x_wconf 86' lang='lat' dir='ltr'>duodecim</span> <span class='ocrx_word' id='word_1_312' title='bbox 1396 2548 1600 2619; x_wconf 84' lang='lat' dir='ltr'>prophetarum,</span> <span class='ocrx_word' id='word_1_313' title='bbox 1623 2547 1784 2614; x_wconf 82' lang='lat' dir='ltr'>Ezechielis,</span> <span class='ocrx_word' id='word_1_314' title='bbox 1807 2547 1970 2606; x_wconf 84' lang='lat' dir='ltr'>Danielisot</span> 
     </span>
     <span class='ocr_line' id='line_1_25' title="bbox 345 2632 1970 2716; baseline 0.007 -27"><span class='ocrx_word' id='word_1_315' title='bbox 345 2647 412 2703; x_wconf 66' lang='lat' dir='ltr'>epo</span> <span class='ocrx_word' id='word_1_316' title='bbox 425 2632 478 2695; x_wconf 88' lang='lat' dir='ltr'>luit</span> <span class='ocrx_word' id='word_1_317' title='bbox 500 2633 571 2700; x_wconf 75' lang='lat' dir='ltr'>Eun,</span> <span class='ocrx_word' id='word_1_318' title='bbox 586 2651 669 2708; x_wconf 83' lang='lat' dir='ltr'>quam</span> <span class='ocrx_word' id='word_1_319' title='bbox 689 2639 746 2709; x_wconf 79' lang='lat' dir='ltr'>jam</span> <span class='ocrx_word' id='word_1_320' title='bbox 769 2640 883 2698; x_wconf 89' lang='lat' dir='ltr'>subdole</span> <span class='ocrx_word' id='word_1_321' title='bbox 902 2641 1061 2713; x_wconf 86' lang='lat' dir='ltr'>deceperst,</span> <span class='ocrx_word' id='word_1_322' title='bbox 1072 2658 1134 2714; x_wconf 72' lang='lat' dir='ltr'>qum</span> <span class='ocrx_word' id='word_1_323' title='bbox 1182 2640 1315 2708; x_wconf 74' lang='lat' dir='ltr'>Ieremiae,</span> <span class='ocrx_word' id='word_1_324' title='bbox 1324 2649 1351 2697; x_wconf 90' lang='lat' dir='ltr'>et</span> <span class='ocrx_word' id='word_1_325' title='bbox 1363 2640 1463 2707; x_wconf 83' lang='lat' dir='ltr'>Beroe,</span> <span class='ocrx_word' id='word_1_326' title='bbox 1477 2651 1529 2700; x_wconf 87' lang='lat' dir='ltr'>etc.</span> <span class='ocrx_word' id='word_1_327' title='bbox 1543 2644 1570 2699; x_wconf 91' lang='lat' dir='ltr'>lu</span> <span class='ocrx_word' id='word_1_328' title='bbox 1584 2643 1628 2700; x_wconf 90' lang='lat' dir='ltr'>bis</span> <span class='ocrx_word' id='word_1_329' title='bbox 1638 2645 1766 2700; x_wconf 91' lang='lat' dir='ltr'>omnibus</span> <span class='ocrx_word' id='word_1_330' title='bbox 1776 2660 1831 2700; x_wconf 92' lang='lat' dir='ltr'>non</span> <span class='ocrx_word' id='word_1_331' title='bbox 1845 2644 1970 2716; x_wconf 75' lang='lat' dir='ltr'>reperies</span> 
     </span>
     <span class='ocr_line' id='line_1_26' title="bbox 346 2727 1971 2805; baseline 0.009 -28"><span class='ocrx_word' id='word_1_332' title='bbox 346 2731 413 2785; x_wconf 89' lang='lat' dir='ltr'>tolle</span> <span class='ocrx_word' id='word_1_333' title='bbox 425 2732 503 2794; x_wconf 90' lang='lat' dir='ltr'>erat;</span> <span class='ocrx_word' id='word_1_334' title='bbox 519 2727 567 2785; x_wconf 88' lang='lat' dir='ltr'>sod</span> <span class='ocrx_word' id='word_1_335' title='bbox 581 2729 679 2789; x_wconf 88' lang='lat' dir='ltr'>molier</span> <span class='ocrx_word' id='word_1_336' title='bbox 699 2731 788 2802; x_wconf 71' lang='lat' dir='ltr'>longis</span> <span class='ocrx_word' id='word_1_337' title='bbox 801 2740 864 2803; x_wconf 92' lang='lat' dir='ltr'>post</span> <span class='ocrx_word' id='word_1_338' title='bbox 878 2741 950 2789; x_wconf 92' lang='lat' dir='ltr'>retro</span> <span class='ocrx_word' id='word_1_339' title='bbox 963 2735 1134 2804; x_wconf 78' lang='lat' dir='ltr'>temporibus</span> <span class='ocrx_word' id='word_1_340' title='bbox 1182 2730 1301 2802; x_wconf 84' lang='lat' dir='ltr'>aliquam</span> <span class='ocrx_word' id='word_1_341' title='bbox 1318 2732 1403 2788; x_wconf 87' lang='lat' dir='ltr'>lilium</span> <span class='ocrx_word' id='word_1_342' title='bbox 1422 2734 1560 2803; x_wconf 78' lang='lat' dir='ltr'>peperisse</span> <span class='ocrx_word' id='word_1_343' title='bbox 1579 2733 1626 2803; x_wconf 84' lang='lat' dir='ltr'>qui</span> <span class='ocrx_word' id='word_1_344' title='bbox 1641 2733 1675 2789; x_wconf 91' lang='lat' dir='ltr'>de</span> <span class='ocrx_word' id='word_1_345' title='bbox 1690 2733 1788 2805; x_wconf 88' lang='lat' dir='ltr'>spirito</span> <span class='ocrx_word' id='word_1_346' title='bbox 1804 2735 1971 2805; x_wconf 85' lang='lat' dir='ltr'>incorporeo</span> 
     </span>
     <span class='ocr_line' id='line_1_27' title="bbox 345 2818 1969 2895; baseline 0.006 -23"><span class='ocrx_word' id='word_1_347' title='bbox 345 2818 498 2877; x_wconf 85' lang='lat' dir='ltr'>nascituro.</span> <span class='ocrx_word' id='word_1_348' title='bbox 525 2819 677 2889; x_wconf 76' lang='lat' dir='ltr'>Quomodo,</span> <span class='ocrx_word' id='word_1_349' title='bbox 703 2823 815 2894; x_wconf 90' lang='lat' dir='ltr'>inquis,</span> <span class='ocrx_word' id='word_1_350' title='bbox 839 2825 867 2880; x_wconf 88' lang='lat' dir='ltr'>id</span> <span class='ocrx_word' id='word_1_351' title='bbox 893 2825 1014 2895; x_wconf 85' lang='lat' dir='ltr'>probast</span> <span class='ocrx_word' id='word_1_352' title='bbox 1033 2825 1132 2892; x_wconf 80' lang='lat' dir='ltr'>Quaeso</span> <span class='ocrx_word' id='word_1_353' title='bbox 1181 2822 1329 2893; x_wconf 87' lang='lat' dir='ltr'>perlectam</span> <span class='ocrx_word' id='word_1_354' title='bbox 1343 2825 1486 2880; x_wconf 84' lang='lat' dir='ltr'>uictoriam</span> <span class='ocrx_word' id='word_1_355' title='bbox 1501 2825 1659 2891; x_wconf 82' lang='lat' dir='ltr'>obtinuerit,</span> <span class='ocrx_word' id='word_1_356' title='bbox 1672 2826 1725 2882; x_wconf 83' lang='lat' dir='ltr'>nisi</span> <span class='ocrx_word' id='word_1_357' title='bbox 1740 2825 1774 2880; x_wconf 87' lang='lat' dir='ltr'>ad</span> <span class='ocrx_word' id='word_1_358' title='bbox 1788 2826 1863 2881; x_wconf 91' lang='lat' dir='ltr'>illam</span> <span class='ocrx_word' id='word_1_359' title='bbox 1879 2824 1969 2882; x_wconf 85' lang='lat' dir='ltr'>redie-</span> 
     </span>
     <span class='ocr_line' id='line_1_28' title="bbox 345 2911 1970 2992; baseline 0.012 -28"><span class='ocrx_word' id='word_1_360' title='bbox 345 2911 491 2981; x_wconf 73' lang='lat' dir='ltr'>diligenter</span> <span class='ocrx_word' id='word_1_361' title='bbox 502 2913 621 2979; x_wconf 80' lang='lat' dir='ltr'>arunte,</span> <span class='ocrx_word' id='word_1_362' title='bbox 636 2923 664 2971; x_wconf 79' lang='lat' dir='ltr'>el</span> <span class='ocrx_word' id='word_1_363' title='bbox 679 2914 828 2988; x_wconf 77' lang='lat' dir='ltr'>Seltplulae</span> <span class='ocrx_word' id='word_1_364' title='bbox 840 2920 1130 2992; x_wconf 61' lang='lat' dir='ltr'>ultramarinum</span> <span class='ocrx_word' id='word_1_365' title='bbox 1182 2915 1293 2984; x_wconf 77' lang='lat' dir='ltr'>risouae</span> <span class='ocrx_word' id='word_1_366' title='bbox 1306 2924 1399 2972; x_wconf 74' lang='lat' dir='ltr'>nostra</span> <span class='ocrx_word' id='word_1_367' title='bbox 1412 2924 1464 2978; x_wconf 81' lang='lat' dir='ltr'>est.</span> <span class='ocrx_word' id='word_1_368' title='bbox 1486 2917 1550 2973; x_wconf 83' lang='lat' dir='ltr'>olim</span> <span class='ocrx_word' id='word_1_369' title='bbox 1571 2926 1618 2977; x_wconf 80' lang='lat' dir='ltr'>tua</span> <span class='ocrx_word' id='word_1_370' title='bbox 1642 2917 1669 2973; x_wconf 85' lang='lat' dir='ltr'>in</span> <span class='ocrx_word' id='word_1_371' title='bbox 1688 2918 1759 2973; x_wconf 81' lang='lat' dir='ltr'>uiuo</span> <span class='ocrx_word' id='word_1_372' title='bbox 1778 2917 1858 2983; x_wconf 73' lang='lat' dir='ltr'>loun</span> <span class='ocrx_word' id='word_1_373' title='bbox 1884 2918 1970 2976; x_wconf 81' lang='lat' dir='ltr'>mollo</span> 
     </span>
     <span class='ocr_line' id='line_1_29' title="bbox 346 3003 1969 3082; baseline 0.009 -25"><span class='ocrx_word' id='word_1_374' title='bbox 346 3003 514 3072; x_wconf 68' lang='lat' dir='ltr'>reducemur</span> <span class='ocrx_word' id='word_1_375' title='bbox 526 3013 637 3075; x_wconf 90' lang='lat' dir='ltr'>propter</span> <span class='ocrx_word' id='word_1_376' title='bbox 648 3022 716 3062; x_wconf 88' lang='lat' dir='ltr'>men</span> <span class='ocrx_word' id='word_1_377' title='bbox 735 3024 800 3065; x_wconf 86' lang='lat' dir='ltr'>rero</span> <span class='ocrx_word' id='word_1_378' title='bbox 809 3009 955 3067; x_wconf 84' lang='lat' dir='ltr'>declinabit</span> <span class='ocrx_word' id='word_1_379' title='bbox 968 3017 1131 3082; x_wconf 87' lang='lat' dir='ltr'>auctoritas,</span> <span class='ocrx_word' id='word_1_380' title='bbox 1182 3019 1275 3067; x_wconf 88' lang='lat' dir='ltr'>nostra</span> <span class='ocrx_word' id='word_1_381' title='bbox 1290 3014 1317 3069; x_wconf 91' lang='lat' dir='ltr'>in</span> <span class='ocrx_word' id='word_1_382' title='bbox 1334 3011 1381 3068; x_wconf 79' lang='lat' dir='ltr'>Dei</span> <span class='ocrx_word' id='word_1_383' title='bbox 1401 3014 1598 3073; x_wconf 81' lang='lat' dir='ltr'>misericordia.</span> <span class='ocrx_word' id='word_1_384' title='bbox 1614 3015 1693 3082; x_wconf 77' lang='lat' dir='ltr'>Quod</span> <span class='ocrx_word' id='word_1_385' title='bbox 1709 3014 1731 3070; x_wconf 86' lang='lat' dir='ltr'>si</span> <span class='ocrx_word' id='word_1_386' title='bbox 1752 3013 1822 3069; x_wconf 89' lang='lat' dir='ltr'>bane</span> <span class='ocrx_word' id='word_1_387' title='bbox 1841 3013 1969 3071; x_wconf 84' lang='lat' dir='ltr'>eamdent</span> 
     </span>
     <span class='ocr_line' id='line_1_30' title="bbox 345 3099 1971 3176; baseline 0.01 -30"><span class='ocrx_word' id='word_1_388' title='bbox 345 3107 436 3162; x_wconf 83' lang='lat' dir='ltr'>neque</span> <span class='ocrx_word' id='word_1_389' title='bbox 457 3102 609 3164; x_wconf 89' lang='lat' dir='ltr'>propterte</span> <span class='ocrx_word' id='word_1_390' title='bbox 627 3099 738 3155; x_wconf 88' lang='lat' dir='ltr'>mentiri</span> <span class='ocrx_word' id='word_1_391' title='bbox 753 3101 824 3157; x_wconf 84' lang='lat' dir='ltr'>uolet</span> <span class='ocrx_word' id='word_1_392' title='bbox 839 3102 1004 3160; x_wconf 90' lang='lat' dir='ltr'>solidissima</span> <span class='ocrx_word' id='word_1_393' title='bbox 1019 3108 1130 3164; x_wconf 83' lang='lat' dir='ltr'>ueritas.</span> <span class='ocrx_word' id='word_1_394' title='bbox 1180 3116 1241 3158; x_wconf 87' lang='lat' dir='ltr'>esse</span> <span class='ocrx_word' id='word_1_395' title='bbox 1257 3105 1415 3175; x_wconf 72' lang='lat' dir='ltr'>negaveris,</span> <span class='ocrx_word' id='word_1_396' title='bbox 1436 3104 1543 3159; x_wconf 88' lang='lat' dir='ltr'>scitote</span> <span class='ocrx_word' id='word_1_397' title='bbox 1558 3105 1751 3176; x_wconf 86' lang='lat' dir='ltr'>prophetarum</span> <span class='ocrx_word' id='word_1_398' title='bbox 1765 3104 1971 3162; x_wconf 84' lang='lat' dir='ltr'>ssserltolllbos</span> 
     </span>
     <span class='ocr_line' id='line_1_31' title="bbox 345 3180 1967 3266; baseline 0.009 -27"><span class='ocrx_word' id='word_1_399' title='bbox 345 3180 384 3239; x_wconf 82' lang='lat' dir='ltr'>llo</span> <span class='ocrx_word' id='word_1_400' title='bbox 400 3182 456 3243; x_wconf 75' lang='lat' dir='ltr'>Eos</span> <span class='ocrx_word' id='word_1_401' title='bbox 470 3185 510 3241; x_wconf 94' lang='lat' dir='ltr'>sic</span> <span class='ocrx_word' id='word_1_402' title='bbox 521 3186 618 3258; x_wconf 75' lang='lat' dir='ltr'>legitor</span> <span class='ocrx_word' id='word_1_403' title='bbox 633 3208 640 3244; x_wconf 75' lang='grc' dir='ltr'>ε</span> <span class='ocrx_word' id='word_1_404' title='bbox 655 3188 779 3261; x_wconf 81' lang='lat' dir='ltr'>Concepit</span> <span class='ocrx_word' id='word_1_405' title='bbox 791 3201 816 3246; x_wconf 87' lang='lat' dir='ltr'>et</span> <span class='ocrx_word' id='word_1_406' title='bbox 828 3195 925 3262; x_wconf 80' lang='lat' dir='ltr'>peperit</span> <span class='ocrx_word' id='word_1_407' title='bbox 940 3193 1008 3257; x_wconf 81' lang='lat' dir='ltr'>Ceio</span> <span class='ocrx_word' id='word_1_408' title='bbox 1018 3196 1128 3256; x_wconf 77' lang='lat' dir='ltr'>dieses.</span> <span class='ocrx_word' id='word_1_409' title='bbox 1181 3200 1310 3265; x_wconf 67' lang='lat' dir='ltr'>uuquam</span> <span class='ocrx_word' id='word_1_410' title='bbox 1332 3194 1443 3255; x_wconf 87' lang='lat' dir='ltr'>lullibus</span> <span class='ocrx_word' id='word_1_411' title='bbox 1457 3195 1634 3253; x_wconf 79' lang='lat' dir='ltr'>validissimis</span> <span class='ocrx_word' id='word_1_412' title='bbox 1656 3211 1718 3252; x_wconf 87' lang='lat' dir='ltr'>esse</span> <span class='ocrx_word' id='word_1_413' title='bbox 1741 3195 1892 3266; x_wconf 77' lang='lat' dir='ltr'>ligandum.</span> <span class='ocrx_word' id='word_1_414' title='bbox 1906 3195 1967 3255; x_wconf 81' lang='lat' dir='ltr'>lion</span> 
     </span>
     <span class='ocr_line' id='line_1_32' title="bbox 345 3272 1968 3376; baseline 0.008 -47"><span class='ocrx_word' id='word_1_415' title='bbox 345 3272 457 3330; x_wconf 75' lang='lat' dir='ltr'>Possedi</span> <span class='ocrx_word' id='word_1_416' title='bbox 478 3276 608 3333; x_wconf 79' lang='lat' dir='ltr'>bominem</span> <span class='ocrx_word' id='word_1_417' title='bbox 638 3297 685 3349; x_wconf 83' lang='lat' dir='ltr'>per</span> <span class='ocrx_word' id='word_1_418' title='bbox 711 3282 805 3339; x_wconf 68' lang='lat' dir='ltr'>bam.</span> <span class='ocrx_word' id='word_1_419' title='bbox 835 3281 1001 3358; x_wconf 79' lang='lat' dir='ltr'>Rursllmpau</span> <span class='ocrx_word' id='word_1_420' title='bbox 1032 3292 1164 3376; x_wconf 66' lang='lat' dir='ltr'>peperltc</span> <span class='ocrx_word' id='word_1_421' title='bbox 1181 3284 1283 3355; x_wconf 89' lang='lat' dir='ltr'>poteris</span> <span class='ocrx_word' id='word_1_422' title='bbox 1296 3283 1351 3342; x_wconf 88' lang='lat' dir='ltr'>huc</span> <span class='ocrx_word' id='word_1_423' title='bbox 1374 3285 1494 3356; x_wconf 81' lang='lat' dir='ltr'>illucque</span> <span class='ocrx_word' id='word_1_424' title='bbox 1517 3285 1662 3349; x_wconf 83' lang='lat' dir='ltr'>divertere,</span> <span class='ocrx_word' id='word_1_425' title='bbox 1677 3287 1740 3358; x_wconf 88' lang='lat' dir='ltr'>quia</span> <span class='ocrx_word' id='word_1_426' title='bbox 1756 3286 1968 3343; x_wconf 82' lang='lat' dir='ltr'>circumdabunt</span> 
     </span>
     <span class='ocr_line' id='line_1_33' title="bbox 344 3364 1967 3452; baseline 0.011 -34"><span class='ocrx_word' id='word_1_427' title='bbox 344 3364 410 3419; x_wconf 79' lang='lat' dir='ltr'>Abel</span> <span class='ocrx_word' id='word_1_428' title='bbox 433 3365 508 3437; x_wconf 79' lang='lat' dir='ltr'>(Gerr.</span> <span class='ocrx_word' id='word_1_429' title='bbox 538 3371 587 3443; x_wconf 83' lang='grc' dir='ltr'>ιι).</span> <span class='ocrx_word' id='word_1_430' title='bbox 615 3372 686 3439; x_wconf 85' lang='lat' dir='ltr'>Quid</span> <span class='ocrx_word' id='word_1_431' title='bbox 709 3374 736 3429; x_wconf 91' lang='lat' dir='ltr'>hi</span> <span class='ocrx_word' id='word_1_432' title='bbox 762 3375 818 3432; x_wconf 91' lang='lat' dir='ltr'>duo</span> <span class='ocrx_word' id='word_1_433' title='bbox 844 3387 959 3447; x_wconf 74' lang='lat' dir='ltr'>egerunt</span> <span class='ocrx_word' id='word_1_434' title='bbox 987 3378 1141 3452; x_wconf 82' lang='lat' dir='ltr'>Scriptura.</span> <span class='ocrx_word' id='word_1_435' title='bbox 1181 3384 1206 3433; x_wconf 90' lang='lat' dir='ltr'>te</span> <span class='ocrx_word' id='word_1_436' title='bbox 1222 3368 1322 3435; x_wconf 82' lang='lat' dir='ltr'>inimici</span> <span class='ocrx_word' id='word_1_437' title='bbox 1338 3377 1377 3431; x_wconf 92' lang='lat' dir='ltr'>tui</span> <span class='ocrx_word' id='word_1_438' title='bbox 1392 3377 1691 3441; x_wconf 84' lang='lat' dir='ltr'>vallosentelltinrom,</span> <span class='ocrx_word' id='word_1_439' title='bbox 1707 3377 1918 3434; x_wconf 89' lang='lat' dir='ltr'>circumdabunt</span> <span class='ocrx_word' id='word_1_440' title='bbox 1939 3387 1967 3436; x_wconf 84' lang='lat' dir='ltr'>te</span> 
     </span>
     <span class='ocr_line' id='line_1_34' title="bbox 344 3458 1967 3541; baseline 0.009 -32"><span class='ocrx_word' id='word_1_441' title='bbox 344 3458 501 3517; x_wconf 78' lang='lat' dir='ltr'>manifestat</span> <span class='ocrx_word' id='word_1_442' title='bbox 518 3464 639 3533; x_wconf 83' lang='lat' dir='ltr'>apertius</span> <span class='ocrx_word' id='word_1_443' title='bbox 654 3481 670 3517; x_wconf 54' lang='lat' dir='ltr'>:l</span> <span class='ocrx_word' id='word_1_444' title='bbox 682 3466 750 3522; x_wconf 82' lang='lat' dir='ltr'>Cain</span> <span class='ocrx_word' id='word_1_445' title='bbox 774 3469 874 3523; x_wconf 86' lang='lat' dir='ltr'>occidit</span> <span class='ocrx_word' id='word_1_446' title='bbox 896 3470 1007 3530; x_wconf 79' lang='lat' dir='ltr'>fratrem</span> <span class='ocrx_word' id='word_1_447' title='bbox 1037 3489 1129 3532; x_wconf 83' lang='lat' dir='ltr'>ellum.</span> <span class='ocrx_word' id='word_1_448' title='bbox 1179 3474 1207 3523; x_wconf 81' lang='lat' dir='ltr'>el</span> <span class='ocrx_word' id='word_1_449' title='bbox 1221 3467 1438 3538; x_wconf 74' lang='lat' dir='ltr'>coangustabunt</span> <span class='ocrx_word' id='word_1_450' title='bbox 1451 3467 1571 3538; x_wconf 84' lang='lat' dir='ltr'>undique</span> <span class='ocrx_word' id='word_1_451' title='bbox 1582 3469 1729 3541; x_wconf 74' lang='lat' dir='ltr'>prophetice</span> <span class='ocrx_word' id='word_1_452' title='bbox 1740 3469 1855 3525; x_wconf 82' lang='lat' dir='ltr'>ueritate</span> <span class='ocrx_word' id='word_1_453' title='bbox 1869 3486 1967 3541; x_wconf 82' lang='lat' dir='ltr'>soper-</span> 
     </span>
     <span class='ocr_line' id='line_1_35' title="bbox 344 3547 1967 3636; baseline 0.006 -28"><span class='ocrx_word' id='word_1_454' title='bbox 344 3547 443 3611; x_wconf 84' lang='lat' dir='ltr'>Nescio</span> <span class='ocrx_word' id='word_1_455' title='bbox 457 3560 548 3608; x_wconf 90' lang='lat' dir='ltr'>utrum</span> <span class='ocrx_word' id='word_1_456' title='bbox 565 3556 609 3612; x_wconf 89' lang='lat' dir='ltr'>bie</span> <span class='ocrx_word' id='word_1_457' title='bbox 622 3557 714 3615; x_wconf 76' lang='lat' dir='ltr'>dicere</span> <span class='ocrx_word' id='word_1_458' title='bbox 727 3559 795 3619; x_wconf 74' lang='lat' dir='ltr'>vetis</span> <span class='ocrx_word' id='word_1_459' title='bbox 811 3561 883 3632; x_wconf 75' lang='lat' dir='ltr'>qued</span> <span class='ocrx_word' id='word_1_460' title='bbox 898 3561 986 3628; x_wconf 66' lang='lat' dir='ltr'>Abel,</span> <span class='ocrx_word' id='word_1_461' title='bbox 1007 3565 1054 3635; x_wconf 67' lang='lat' dir='ltr'>qui</span> <span class='ocrx_word' id='word_1_462' title='bbox 1074 3567 1126 3636; x_wconf 64' lang='lat' dir='ltr'>pri.</span> <span class='ocrx_word' id='word_1_463' title='bbox 1180 3557 1291 3616; x_wconf 85' lang='lat' dir='ltr'>andum.</span> <span class='ocrx_word' id='word_1_464' title='bbox 1308 3557 1393 3630; x_wconf 81' lang='lat' dir='ltr'>igitur</span> <span class='ocrx_word' id='word_1_465' title='bbox 1404 3573 1465 3623; x_wconf 90' lang='lat' dir='ltr'>nos,</span> <span class='ocrx_word' id='word_1_466' title='bbox 1476 3559 1624 3616; x_wconf 81' lang='lat' dir='ltr'>auxiliante</span> <span class='ocrx_word' id='word_1_467' title='bbox 1640 3559 1754 3617; x_wconf 85' lang='lat' dir='ltr'>Dolllino</span> <span class='ocrx_word' id='word_1_468' title='bbox 1769 3559 1826 3617; x_wconf 85' lang='lat' dir='ltr'>beo</span> <span class='ocrx_word' id='word_1_469' title='bbox 1837 3562 1967 3634; x_wconf 84' lang='lat' dir='ltr'>omnipo·</span> 
     </span>
     <span class='ocr_line' id='line_1_36' title="bbox 343 3648 1966 3726; baseline 0.007 -26"><span class='ocrx_word' id='word_1_470' title='bbox 343 3662 406 3702; x_wconf 86' lang='lat' dir='ltr'>suus</span> <span class='ocrx_word' id='word_1_471' title='bbox 425 3648 453 3702; x_wconf 92' lang='lat' dir='ltr'>in</span> <span class='ocrx_word' id='word_1_472' title='bbox 473 3648 569 3704; x_wconf 87' lang='lat' dir='ltr'>ordine</span> <span class='ocrx_word' id='word_1_473' title='bbox 585 3649 722 3719; x_wconf 83' lang='lat' dir='ltr'>justorum</span> <span class='ocrx_word' id='word_1_474' title='bbox 743 3660 805 3716; x_wconf 88' lang='lat' dir='ltr'>est,</span> <span class='ocrx_word' id='word_1_475' title='bbox 821 3652 946 3708; x_wconf 88' lang='lat' dir='ltr'>diabolos</span> <span class='ocrx_word' id='word_1_476' title='bbox 970 3661 997 3709; x_wconf 92' lang='lat' dir='ltr'>et</span> <span class='ocrx_word' id='word_1_477' title='bbox 1017 3671 1131 3726; x_wconf 83' lang='lat' dir='ltr'>serpens</span> <span class='ocrx_word' id='word_1_478' title='bbox 1179 3657 1265 3714; x_wconf 85' lang='lat' dir='ltr'>teuto,</span> <span class='ocrx_word' id='word_1_479' title='bbox 1286 3650 1457 3723; x_wconf 75' lang='lat' dir='ltr'>proferamus</span> <span class='ocrx_word' id='word_1_480' title='bbox 1472 3651 1616 3708; x_wconf 84' lang='lat' dir='ltr'>aduersum</span> <span class='ocrx_word' id='word_1_481' title='bbox 1633 3660 1704 3707; x_wconf 91' lang='lat' dir='ltr'>teca</span> <span class='ocrx_word' id='word_1_482' title='bbox 1718 3668 1779 3723; x_wconf 78' lang='lat' dir='ltr'>qum</span> <span class='ocrx_word' id='word_1_483' title='bbox 1793 3668 1895 3724; x_wconf 74' lang='lat' dir='ltr'>negare</span> <span class='ocrx_word' id='word_1_484' title='bbox 1909 3670 1966 3711; x_wconf 92' lang='lat' dir='ltr'>non</span> 
     </span>
     <span class='ocr_line' id='line_1_37' title="bbox 343 3736 1966 3816; baseline 0.006 -25"><span class='ocrx_word' id='word_1_485' title='bbox 343 3736 476 3802; x_wconf 78' lang='lat' dir='ltr'>illerit;ae</span> <span class='ocrx_word' id='word_1_486' title='bbox 489 3755 538 3810; x_wconf 87' lang='lat' dir='ltr'>per</span> <span class='ocrx_word' id='word_1_487' title='bbox 549 3739 601 3797; x_wconf 84' lang='lat' dir='ltr'>lloe</span> <span class='ocrx_word' id='word_1_488' title='bbox 616 3741 689 3816; x_wconf 82' lang='lat' dir='ltr'>qllod</span> <span class='ocrx_word' id='word_1_489' title='bbox 701 3757 763 3797; x_wconf 90' lang='lat' dir='ltr'>eum</span> <span class='ocrx_word' id='word_1_490' title='bbox 774 3741 787 3795; x_wconf 86' lang='lat' dir='ltr'>l</span> <span class='ocrx_word' id='word_1_491' title='bbox 788 3750 861 3796; x_wconf 87' lang='lat' dir='ltr'>rator</span> <span class='ocrx_word' id='word_1_492' title='bbox 870 3744 1013 3808; x_wconf 88' lang='lat' dir='ltr'>occiderit,</span> <span class='ocrx_word' id='word_1_493' title='bbox 1022 3742 1130 3802; x_wconf 82' lang='lat' dir='ltr'>Domini</span> <span class='ocrx_word' id='word_1_494' title='bbox 1179 3742 1292 3813; x_wconf 89' lang='lat' dir='ltr'>poteris,</span> <span class='ocrx_word' id='word_1_495' title='bbox 1305 3759 1355 3798; x_wconf 85' lang='lat' dir='ltr'>nee</span> <span class='ocrx_word' id='word_1_496' title='bbox 1368 3743 1468 3814; x_wconf 79' lang='lat' dir='ltr'>quibus</span> <span class='ocrx_word' id='word_1_497' title='bbox 1483 3743 1585 3799; x_wconf 83' lang='lat' dir='ltr'>valebis</span> <span class='ocrx_word' id='word_1_498' title='bbox 1600 3744 1718 3799; x_wconf 84' lang='lat' dir='ltr'>uersutis</span> <span class='ocrx_word' id='word_1_499' title='bbox 1731 3743 1966 3816; x_wconf 81' lang='lat' dir='ltr'>disputationibus</span> 
     </span>
     <span class='ocr_line' id='line_1_38' title="bbox 343 3831 1966 3908; baseline 0.006 -23"><span class='ocrx_word' id='word_1_500' title='bbox 343 3831 507 3885; x_wconf 84' lang='lat' dir='ltr'>sententiam</span> <span class='ocrx_word' id='word_1_501' title='bbox 532 3846 593 3887; x_wconf 82' lang='lat' dir='ltr'>esse</span> <span class='ocrx_word' id='word_1_502' title='bbox 617 3833 854 3904; x_wconf 77' lang='lat' dir='ltr'>completumque</span> <span class='ocrx_word' id='word_1_503' title='bbox 880 3833 979 3894; x_wconf 91' lang='lat' dir='ltr'>dicitur</span> <span class='ocrx_word' id='word_1_504' title='bbox 1002 3856 1009 3892; x_wconf 73' lang='grc' dir='ltr'>ι</span> <span class='ocrx_word' id='word_1_505' title='bbox 1030 3835 1129 3893; x_wconf 88' lang='lat' dir='ltr'>Semen</span> <span class='ocrx_word' id='word_1_506' title='bbox 1179 3835 1299 3892; x_wconf 84' lang='lat' dir='ltr'>obviare.</span> <span class='ocrx_word' id='word_1_507' title='bbox 1314 3835 1364 3890; x_wconf 87' lang='lat' dir='ltr'>Hic</span> <span class='ocrx_word' id='word_1_508' title='bbox 1375 3852 1423 3908; x_wconf 91' lang='lat' dir='ltr'>per</span> <span class='ocrx_word' id='word_1_509' title='bbox 1437 3853 1529 3894; x_wconf 90' lang='lat' dir='ltr'>semen</span> <span class='ocrx_word' id='word_1_510' title='bbox 1541 3837 1663 3892; x_wconf 90' lang='lat' dir='ltr'>mulieris</span> <span class='ocrx_word' id='word_1_511' title='bbox 1673 3837 1816 3892; x_wconf 82' lang='lat' dir='ltr'>uictoriam</span> <span class='ocrx_word' id='word_1_512' title='bbox 1830 3854 1892 3895; x_wconf 85' lang='lat' dir='ltr'>csse</span> <span class='ocrx_word' id='word_1_513' title='bbox 1902 3847 1966 3895; x_wconf 83' lang='lat' dir='ltr'>letr-</span> 
     </span>
     <span class='ocr_line' id='line_1_39' title="bbox 345 3921 1965 4000; baseline 0.006 -25"><span class='ocrx_word' id='word_1_514' title='bbox 345 3921 469 3977; x_wconf 89' lang='lat' dir='ltr'>lnlllieris</span> <span class='ocrx_word' id='word_1_515' title='bbox 483 3929 608 3978; x_wconf 86' lang='lat' dir='ltr'>conteret</span> <span class='ocrx_word' id='word_1_516' title='bbox 625 3930 706 3992; x_wconf 79' lang='lat' dir='ltr'>caput</span> <span class='ocrx_word' id='word_1_517' title='bbox 729 3931 816 3980; x_wconf 88' lang='lat' dir='ltr'>tuum.</span> <span class='ocrx_word' id='word_1_518' title='bbox 835 3925 888 3980; x_wconf 87' lang='lat' dir='ltr'>Sed</span> <span class='ocrx_word' id='word_1_519' title='bbox 904 3926 955 3981; x_wconf 92' lang='lat' dir='ltr'>boe</span> <span class='ocrx_word' id='word_1_520' title='bbox 965 3926 1061 3983; x_wconf 89' lang='lat' dir='ltr'>laisum</span> <span class='ocrx_word' id='word_1_521' title='bbox 1074 3937 1127 3993; x_wconf 88' lang='lat' dir='ltr'>est,</span> <span class='ocrx_word' id='word_1_522' title='bbox 1180 3933 1268 3985; x_wconf 88' lang='lat' dir='ltr'>turam</span> <span class='ocrx_word' id='word_1_523' title='bbox 1284 3925 1355 3984; x_wconf 84' lang='lat' dir='ltr'>Deos</span> <span class='ocrx_word' id='word_1_524' title='bbox 1376 3927 1509 3993; x_wconf 82' lang='lat' dir='ltr'>asseruit,</span> <span class='ocrx_word' id='word_1_525' title='bbox 1534 3929 1578 3984; x_wconf 94' lang='lat' dir='ltr'>cui</span> <span class='ocrx_word' id='word_1_526' title='bbox 1604 3928 1632 3983; x_wconf 89' lang='lat' dir='ltr'>ill</span> <span class='ocrx_word' id='word_1_527' title='bbox 1655 3928 1706 3986; x_wconf 91' lang='lat' dir='ltr'>boe</span> <span class='ocrx_word' id='word_1_528' title='bbox 1729 3928 1790 3982; x_wconf 89' lang='lat' dir='ltr'>leco</span> <span class='ocrx_word' id='word_1_529' title='bbox 1811 3945 1867 3983; x_wconf 90' lang='lat' dir='ltr'>non</span> <span class='ocrx_word' id='word_1_530' title='bbox 1886 3939 1965 4000; x_wconf 84' lang='lat' dir='ltr'>potes</span> 
     </span>
     <span class='ocr_line' id='line_1_40' title="bbox 343 4013 1965 4090; baseline 0.008 -25"><span class='ocrx_word' id='word_1_531' title='bbox 343 4013 408 4082; x_wconf 82' lang='lat' dir='ltr'>quia</span> <span class='ocrx_word' id='word_1_532' title='bbox 421 4013 555 4085; x_wconf 87' lang='lat' dir='ltr'>seriptum</span> <span class='ocrx_word' id='word_1_533' title='bbox 567 4022 611 4070; x_wconf 88' lang='lat' dir='ltr'>est</span> <span class='ocrx_word' id='word_1_534' title='bbox 628 4033 634 4070; x_wconf 94' lang='lat'><strong>:</strong></span> <span class='ocrx_word' id='word_1_535' title='bbox 648 4013 769 4084; x_wconf 76' lang='lat' dir='ltr'>Respexit</span> <span class='ocrx_word' id='word_1_536' title='bbox 780 4015 908 4071; x_wconf 83' lang='lat' dir='ltr'>Dominus</span> <span class='ocrx_word' id='word_1_537' title='bbox 921 4016 956 4072; x_wconf 83' lang='lat' dir='ltr'>cd</span> <span class='ocrx_word' id='word_1_538' title='bbox 966 4018 1043 4085; x_wconf 79' lang='lat' dir='ltr'>Abel,</span> <span class='ocrx_word' id='word_1_539' title='bbox 1054 4028 1079 4074; x_wconf 86' lang='lat' dir='ltr'>et</span> <span class='ocrx_word' id='word_1_540' title='bbox 1094 4020 1129 4075; x_wconf 80' lang='grc' dir='ltr'>ιιι</span> <span class='ocrx_word' id='word_1_541' title='bbox 1178 4015 1315 4076; x_wconf 79' lang='lat' dir='ltr'>resistere.</span> <span class='ocrx_word' id='word_1_542' title='bbox 1325 4015 1479 4087; x_wconf 82' lang='lat' dir='ltr'>Eodemque</span> <span class='ocrx_word' id='word_1_543' title='bbox 1490 4017 1706 4073; x_wconf 85' lang='lat' dir='ltr'>benedictionem</span> <span class='ocrx_word' id='word_1_544' title='bbox 1717 4019 1824 4074; x_wconf 88' lang='lat' dir='ltr'>ermetis</span> <span class='ocrx_word' id='word_1_545' title='bbox 1833 4021 1965 4090; x_wconf 74' lang='lat' dir='ltr'>gentibus</span> 
     </span>
     <span class='ocr_line' id='line_1_41' title="bbox 345 4103 1964 4182; baseline 0.004 -21"><span class='ocrx_word' id='word_1_546' title='bbox 345 4103 429 4172; x_wconf 81' lang='lat' dir='ltr'>Cris,</span> <span class='ocrx_word' id='word_1_547' title='bbox 444 4117 471 4165; x_wconf 84' lang='grc' dir='ltr'>ιι</span> <span class='ocrx_word' id='word_1_548' title='bbox 482 4107 517 4163; x_wconf 83' lang='lat' dir='ltr'>od</span> <span class='ocrx_word' id='word_1_549' title='bbox 533 4124 642 4162; x_wconf 85' lang='lat' dir='ltr'>munero</span> <span class='ocrx_word' id='word_1_550' title='bbox 654 4109 711 4180; x_wconf 82' lang='lat' dir='ltr'>ejus</span> <span class='ocrx_word' id='word_1_551' title='bbox 728 4126 780 4163; x_wconf 82' lang='lat' dir='ltr'>soa</span> <span class='ocrx_word' id='word_1_552' title='bbox 794 4111 906 4179; x_wconf 74' lang='lat' dir='ltr'>respexit</span> <span class='ocrx_word' id='word_1_553' title='bbox 921 4110 1021 4182; x_wconf 74' lang='lat' dir='ltr'>(ibid).</span> <span class='ocrx_word' id='word_1_554' title='bbox 1178 4107 1347 4177; x_wconf 78' lang='lat' dir='ltr'>profuturam</span> <span class='ocrx_word' id='word_1_555' title='bbox 1363 4122 1424 4164; x_wconf 86' lang='lat' dir='ltr'>esse</span> <span class='ocrx_word' id='word_1_556' title='bbox 1437 4108 1577 4178; x_wconf 88' lang='lat' dir='ltr'>promisit,</span> <span class='ocrx_word' id='word_1_557' title='bbox 1593 4108 1638 4164; x_wconf 93' lang='lat' dir='ltr'>ubi</span> <span class='ocrx_word' id='word_1_558' title='bbox 1655 4107 1690 4162; x_wconf 88' lang='lat' dir='ltr'>all</span> <span class='ocrx_word' id='word_1_559' title='bbox 1703 4108 1838 4173; x_wconf 80' lang='lat' dir='ltr'>Abrabam</span> <span class='ocrx_word' id='word_1_560' title='bbox 1855 4111 1964 4169; x_wconf 87' lang='lat' dir='ltr'>locutos</span> 
     </span>
     <span class='ocr_line' id='line_1_42' title="bbox 519 4197 1963 4274; baseline 0.004 -21"><span class='ocrx_word' id='word_1_561' title='bbox 519 4199 585 4266; x_wconf 74' lang='lat' dir='ltr'>Quis</span> <span class='ocrx_word' id='word_1_562' title='bbox 598 4215 702 4269; x_wconf 83' lang='lat' dir='ltr'>serpens</span> <span class='ocrx_word' id='word_1_563' title='bbox 713 4199 796 4256; x_wconf 83' lang='grc' dir='ltr'>Ειιιιι</span> <span class='ocrx_word' id='word_1_564' title='bbox 806 4201 950 4258; x_wconf 80' lang='lat' dir='ltr'>seducerit.</span> <span class='ocrx_word' id='word_1_565' title='bbox 1177 4207 1240 4253; x_wconf 87' lang='lat' dir='ltr'>cst:</span> <span class='ocrx_word' id='word_1_566' title='bbox 1256 4197 1289 4254; x_wconf 79' lang='lat' dir='ltr'>lle</span> <span class='ocrx_word' id='word_1_567' title='bbox 1309 4200 1409 4255; x_wconf 82' lang='lat' dir='ltr'>scoliae</span> <span class='ocrx_word' id='word_1_568' title='bbox 1420 4209 1464 4255; x_wconf 90' lang='lat' dir='ltr'>tllo</span> <span class='ocrx_word' id='word_1_569' title='bbox 1480 4200 1661 4258; x_wconf 80' lang='lat' dir='ltr'>berledicerltllr</span> <span class='ocrx_word' id='word_1_570' title='bbox 1679 4216 1766 4256; x_wconf 84' lang='lat' dir='ltr'>omnes</span> <span class='ocrx_word' id='word_1_571' title='bbox 1780 4210 1870 4272; x_wconf 78' lang='lat' dir='ltr'>pestes</span> <span class='ocrx_word' id='word_1_572' title='bbox 1885 4200 1963 4274; x_wconf 78' lang='lat' dir='ltr'>(Ges.</span> 
     </span>
     <span class='ocr_line' id='line_1_43' title="bbox 377 4283 1267 4363; baseline 0.009 -24"><span class='ocrx_word' id='word_1_573' title='bbox 377 4285 420 4341; x_wconf 77' lang='lat' dir='ltr'>li.</span> <span class='ocrx_word' id='word_1_574' title='bbox 433 4283 465 4348; x_wconf 88' lang='lat' dir='ltr'>Si</span> <span class='ocrx_word' id='word_1_575' title='bbox 474 4285 609 4356; x_wconf 77' lang='lat' dir='ltr'>obieceris</span> <span class='ocrx_word' id='word_1_576' title='bbox 623 4288 657 4343; x_wconf 89' lang='lat' dir='ltr'>de</span> <span class='ocrx_word' id='word_1_577' title='bbox 671 4290 722 4345; x_wconf 91' lang='lat' dir='ltr'>lloe</span> <span class='ocrx_word' id='word_1_578' title='bbox 734 4296 861 4360; x_wconf 84' lang='lat' dir='ltr'>serpente</span> <span class='ocrx_word' id='word_1_579' title='bbox 872 4291 962 4361; x_wconf 87' lang='lat' dir='ltr'>reptili</span> <span class='ocrx_word' id='word_1_580' title='bbox 977 4291 1049 4363; x_wconf 85' lang='lat' dir='ltr'>quod</span> <span class='ocrx_word' id='word_1_581' title='bbox 1062 4308 1128 4363; x_wconf 79' lang='lat' dir='ltr'>quo·</span> <span class='ocrx_word' id='word_1_582' title='bbox 1177 4289 1267 4361; x_wconf 87' lang='lat' dir='ltr'>svlrl).</span> 
     </span>
     <span class='ocr_line' id='line_1_44' title="bbox 339 4376 1947 4475; baseline 0.007 -45"><span class='ocrx_word' id='word_1_583' title='bbox 339 4376 406 4432; x_wconf 90' lang='lat' dir='ltr'>tidie</span> <span class='ocrx_word' id='word_1_584' title='bbox 417 4388 540 4434; x_wconf 86' lang='lat' dir='ltr'>nlovetur</span> <span class='ocrx_word' id='word_1_585' title='bbox 553 4379 666 4437; x_wconf 90' lang='lat' dir='ltr'>interra</span> <span class='ocrx_word' id='word_1_586' title='bbox 682 4380 709 4442; x_wconf 89' lang='lat' dir='ltr'>id</span> <span class='ocrx_word' id='word_1_587' title='bbox 721 4382 893 4438; x_wconf 88' lang='lat' dir='ltr'>essedictum</span> <span class='ocrx_word' id='word_1_588' title='bbox 911 4392 958 4440; x_wconf 88' lang='lat' dir='ltr'>:et</span> <span class='ocrx_word' id='word_1_589' title='bbox 972 4384 1127 4456; x_wconf 84' lang='lat' dir='ltr'>boeotique</span> <span class='ocrx_word' id='word_1_590' title='bbox 1190 4401 1313 4458; x_wconf 59' lang='lat' dir='ltr'>clm,</span> <span class='ocrx_word' id='word_1_591' title='bbox 1326 4402 1440 4459; x_wconf 61' lang='lat' dir='ltr'>,lppapoe</span> <span class='ocrx_word' id='word_1_592' title='bbox 1455 4420 1539 4460; x_wconf 64' lang='lat' dir='ltr'>mm</span> <span class='ocrx_word' id='word_1_593' title='bbox 1553 4404 1581 4461; x_wconf 68' lang='lat' dir='ltr'>p,</span> <span class='ocrx_word' id='word_1_594' title='bbox 1596 4420 1646 4475; x_wconf 59' lang='grc' dir='ltr'>(μω</span> <span class='ocrx_word' id='word_1_595' title='bbox 1660 4402 1841 4458; x_wconf 48' lang='lat' dir='ltr'>mmmm</span> <span class='ocrx_word' id='word_1_596' title='bbox 1855 4414 1947 4458; x_wconf 65' lang='lat' dir='ltr'>m„</span> 
     </span>
     <span class='ocr_line' id='line_1_45' title="bbox 340 4470 1622 4550; baseline 0.006 -26"><span class='ocrx_word' id='word_1_597' title='bbox 340 4470 440 4526; x_wconf 80' lang='lat' dir='ltr'>laisum</span> <span class='ocrx_word' id='word_1_598' title='bbox 451 4479 504 4528; x_wconf 81' lang='lat' dir='ltr'>ert.</span> <span class='ocrx_word' id='word_1_599' title='bbox 519 4470 586 4527; x_wconf 85' lang='lat' dir='ltr'>Nam</span> <span class='ocrx_word' id='word_1_600' title='bbox 601 4473 738 4544; x_wconf 78' lang='lat' dir='ltr'>ullomodo</span> <span class='ocrx_word' id='word_1_601' title='bbox 748 4490 861 4546; x_wconf 86' lang='lat' dir='ltr'>serpens</span> <span class='ocrx_word' id='word_1_602' title='bbox 876 4478 949 4548; x_wconf 85' lang='lat' dir='ltr'>loqui</span> <span class='ocrx_word' id='word_1_603' title='bbox 964 4478 1063 4548; x_wconf 90' lang='lat' dir='ltr'>potuit,</span> <span class='ocrx_word' id='word_1_604' title='bbox 1078 4480 1126 4550; x_wconf 83' lang='lat' dir='ltr'>qui</span> <span class='ocrx_word' id='word_1_605' title='bbox 1524 4485 1622 4546; x_wconf 82' lang='lat' dir='ltr'>perles.</span> 
     </span>
     <span class='ocr_line' id='line_1_46' title="bbox 339 4561 1964 4642; baseline 0.008 -26"><span class='ocrx_word' id='word_1_606' title='bbox 339 4578 479 4633; x_wconf 86' lang='lat' dir='ltr'>nonquam</span> <span class='ocrx_word' id='word_1_607' title='bbox 494 4563 623 4634; x_wconf 78' lang='lat' dir='ltr'>loqllerldi</span> <span class='ocrx_word' id='word_1_608' title='bbox 639 4581 719 4620; x_wconf 88' lang='lat' dir='ltr'>usum</span> <span class='ocrx_word' id='word_1_609' title='bbox 732 4567 936 4639; x_wconf 70' lang='lat' dir='ltr'>mespili-Non.</span> <span class='ocrx_word' id='word_1_610' title='bbox 952 4569 1054 4642; x_wconf 80' lang='lat' dir='ltr'>inquis,</span> <span class='ocrx_word' id='word_1_611' title='bbox 1069 4585 1127 4628; x_wconf 84' lang='lat' dir='ltr'>ser·</span> <span class='ocrx_word' id='word_1_612' title='bbox 1212 4564 1255 4621; x_wconf 75' lang='lat' dir='ltr'>lb.</span> <span class='ocrx_word' id='word_1_613' title='bbox 1267 4563 1326 4619; x_wconf 87' lang='lat' dir='ltr'>b&#39;on</span> <span class='ocrx_word' id='word_1_614' title='bbox 1340 4573 1383 4620; x_wconf 89' lang='lat' dir='ltr'>cst</span> <span class='ocrx_word' id='word_1_615' title='bbox 1397 4564 1470 4619; x_wconf 87' lang='lat' dir='ltr'>aliud</span> <span class='ocrx_word' id='word_1_616' title='bbox 1490 4579 1597 4629; x_wconf 71' lang='lat' dir='ltr'>sculclrl</span> <span class='ocrx_word' id='word_1_617' title='bbox 1614 4564 1662 4622; x_wconf 69' lang='lat' dir='ltr'>iud</span> <span class='ocrx_word' id='word_1_618' title='bbox 1684 4563 1765 4620; x_wconf 72' lang='lat' dir='ltr'>idum·</span> <span class='ocrx_word' id='word_1_619' title='bbox 1781 4561 1849 4621; x_wconf 79' lang='lat' dir='ltr'>Nam</span> <span class='ocrx_word' id='word_1_620' title='bbox 1866 4565 1889 4620; x_wconf 74' lang='lat' dir='ltr'>Si</span> <span class='ocrx_word' id='word_1_621' title='bbox 1914 4580 1964 4635; x_wconf 88' lang='lat' dir='ltr'>per</span> 
     </span>
     <span class='ocr_line' id='line_1_47' title="bbox 338 4655 1964 4734; baseline -0.001 -23"><span class='ocrx_word' id='word_1_622' title='bbox 338 4668 407 4726; x_wconf 86' lang='lat' dir='ltr'>pens</span> <span class='ocrx_word' id='word_1_623' title='bbox 431 4657 541 4712; x_wconf 86' lang='lat' dir='ltr'>locutos</span> <span class='ocrx_word' id='word_1_624' title='bbox 556 4664 609 4719; x_wconf 90' lang='lat' dir='ltr'>est,</span> <span class='ocrx_word' id='word_1_625' title='bbox 625 4657 673 4714; x_wconf 76' lang='lat' dir='ltr'>sed</span> <span class='ocrx_word' id='word_1_626' title='bbox 692 4659 818 4720; x_wconf 77' lang='lat' dir='ltr'>diabolus</span> <span class='ocrx_word' id='word_1_627' title='bbox 834 4661 860 4717; x_wconf 85' lang='lat' dir='ltr'>ill</span> <span class='ocrx_word' id='word_1_628' title='bbox 881 4670 1016 4734; x_wconf 74' lang='lat' dir='ltr'>serpente,</span> <span class='ocrx_word' id='word_1_629' title='bbox 1032 4662 1082 4721; x_wconf 73' lang='lat' dir='ltr'>llic</span> <span class='ocrx_word' id='word_1_630' title='bbox 1096 4671 1124 4721; x_wconf 78' lang='lat' dir='ltr'>se</span> <span class='ocrx_word' id='word_1_631' title='bbox 1138 4671 1160 4729; x_wconf 74' lang='grc' dir='ltr'><strong>ῃ</strong></span> <span class='ocrx_word' id='word_1_632' title='bbox 1176 4672 1259 4711; x_wconf 91' lang='lat' dir='ltr'>unoul</span> <span class='ocrx_word' id='word_1_633' title='bbox 1273 4656 1388 4712; x_wconf 81' lang='lat' dir='ltr'>uictoria</span> <span class='ocrx_word' id='word_1_634' title='bbox 1401 4655 1435 4711; x_wconf 89' lang='lat' dir='ltr'>de</span> <span class='ocrx_word' id='word_1_635' title='bbox 1445 4655 1564 4719; x_wconf 88' lang='lat' dir='ltr'>diabolo,</span> <span class='ocrx_word' id='word_1_636' title='bbox 1580 4662 1607 4710; x_wconf 91' lang='lat' dir='ltr'>ct</span> <span class='ocrx_word' id='word_1_637' title='bbox 1625 4671 1673 4728; x_wconf 86' lang='lat' dir='ltr'>per</span> <span class='ocrx_word' id='word_1_638' title='bbox 1687 4656 1759 4711; x_wconf 87' lang='lat' dir='ltr'>aliod</span> <span class='ocrx_word' id='word_1_639' title='bbox 1775 4657 1884 4713; x_wconf 90' lang='lat' dir='ltr'>conctis</span> <span class='ocrx_word' id='word_1_640' title='bbox 1895 4671 1964 4726; x_wconf 79' lang='lat' dir='ltr'>gell-</span> 
     </span>
     <span class='ocr_line' id='line_1_48' title="bbox 337 4745 1961 4824; baseline 0.001 -24"><span class='ocrx_word' id='word_1_641' title='bbox 337 4755 444 4819; x_wconf 79' lang='lat' dir='ltr'>oporret</span> <span class='ocrx_word' id='word_1_642' title='bbox 459 4756 489 4803; x_wconf 88' lang='lat' dir='ltr'>ut</span> <span class='ocrx_word' id='word_1_643' title='bbox 504 4749 604 4806; x_wconf 77' lang='lat' dir='ltr'>doeens</span> <span class='ocrx_word' id='word_1_644' title='bbox 627 4751 765 4821; x_wconf 79' lang='lat' dir='ltr'>quomodo</span> <span class='ocrx_word' id='word_1_645' title='bbox 788 4753 814 4807; x_wconf 78' lang='lat' dir='ltr'>in</span> <span class='ocrx_word' id='word_1_646' title='bbox 837 4745 1123 4824; x_wconf 61' lang='lat' dir='ltr'>etiqllamcriasumm</span> <span class='ocrx_word' id='word_1_647' title='bbox 1175 4747 1248 4802; x_wconf 91' lang='lat' dir='ltr'>tibus</span> <span class='ocrx_word' id='word_1_648' title='bbox 1271 4749 1427 4817; x_wconf 80' lang='lat' dir='ltr'>proueniret</span> <span class='ocrx_word' id='word_1_649' title='bbox 1449 4746 1618 4811; x_wconf 90' lang='lat' dir='ltr'>benedictio,</span> <span class='ocrx_word' id='word_1_650' title='bbox 1633 4747 1688 4802; x_wconf 92' lang='lat' dir='ltr'>duo</span> <span class='ocrx_word' id='word_1_651' title='bbox 1710 4747 1831 4814; x_wconf 82' lang='lat' dir='ltr'>proiecto</span> <span class='ocrx_word' id='word_1_652' title='bbox 1856 4756 1961 4813; x_wconf 85' lang='lat' dir='ltr'>essent,</span> 
     </span>
     <span class='ocr_line' id='line_1_49' title="bbox 337 4839 1961 4918; baseline -0.001 -23"><span class='ocrx_word' id='word_1_653' title='bbox 337 4839 457 4896; x_wconf 84' lang='lat' dir='ltr'>intrandi</span> <span class='ocrx_word' id='word_1_654' title='bbox 470 4853 532 4898; x_wconf 90' lang='lat' dir='ltr'>ante</span> <span class='ocrx_word' id='word_1_655' title='bbox 542 4853 683 4915; x_wconf 85' lang='lat' dir='ltr'>peccatum</span> <span class='ocrx_word' id='word_1_656' title='bbox 695 4845 815 4901; x_wconf 79' lang='lat' dir='ltr'>bominis</span> <span class='ocrx_word' id='word_1_657' title='bbox 825 4846 951 4903; x_wconf 77' lang='lat' dir='ltr'>diabolus</span> <span class='ocrx_word' id='word_1_658' title='bbox 962 4855 1122 4918; x_wconf 57' lang='lat' dir='ltr'>purpureres„</span> <span class='ocrx_word' id='word_1_659' title='bbox 1174 4854 1237 4895; x_wconf 88' lang='lat' dir='ltr'>cum</span> <span class='ocrx_word' id='word_1_660' title='bbox 1251 4854 1305 4897; x_wconf 88' lang='lat' dir='ltr'>noll</span> <span class='ocrx_word' id='word_1_661' title='bbox 1320 4839 1356 4896; x_wconf 88' lang='lat' dir='ltr'>sit</span> <span class='ocrx_word' id='word_1_662' title='bbox 1370 4839 1443 4894; x_wconf 89' lang='lat' dir='ltr'>aliud</span> <span class='ocrx_word' id='word_1_663' title='bbox 1459 4839 1510 4896; x_wconf 91' lang='lat' dir='ltr'>boe</span> <span class='ocrx_word' id='word_1_664' title='bbox 1525 4839 1584 4895; x_wconf 87' lang='lat' dir='ltr'>loeo</span> <span class='ocrx_word' id='word_1_665' title='bbox 1594 4851 1688 4910; x_wconf 76' lang='lat' dir='ltr'>gentes</span> <span class='ocrx_word' id='word_1_666' title='bbox 1703 4839 1837 4903; x_wconf 86' lang='lat' dir='ltr'>benellici,</span> <span class='ocrx_word' id='word_1_667' title='bbox 1848 4855 1961 4910; x_wconf 77' lang='lat' dir='ltr'>qualus</span> 
     </span>
     <span class='ocr_line' id='line_1_50' title="bbox 336 4931 1960 5009; baseline 0.001 -23"><span class='ocrx_word' id='word_1_668' title='bbox 336 4934 490 5003; x_wconf 81' lang='lat' dir='ltr'>acceperit,</span> <span class='ocrx_word' id='word_1_669' title='bbox 523 4951 585 4991; x_wconf 83' lang='lat' dir='ltr'>eum</span> <span class='ocrx_word' id='word_1_670' title='bbox 615 4935 759 5009; x_wconf 70' lang='lat' dir='ltr'>scriptura</span> <span class='ocrx_word' id='word_1_671' title='bbox 789 4947 907 4994; x_wconf 69' lang='grc' dir='ltr'>ιιιιιωι</span> <span class='ocrx_word' id='word_1_672' title='bbox 926 4959 933 4996; x_wconf 89' lang='lat'>:</span> <span class='ocrx_word' id='word_1_673' title='bbox 955 4939 1026 4995; x_wconf 73' lang='grc' dir='ltr'>ιὶιιιι</span> <span class='ocrx_word' id='word_1_674' title='bbox 1052 4941 1122 4997; x_wconf 61' lang='lat' dir='ltr'>Dee,</span> <span class='ocrx_word' id='word_1_675' title='bbox 1174 4938 1307 5002; x_wconf 85' lang='lat' dir='ltr'>potestate</span> <span class='ocrx_word' id='word_1_676' title='bbox 1320 4932 1420 4988; x_wconf 85' lang='lat' dir='ltr'>diaboli</span> <span class='ocrx_word' id='word_1_677' title='bbox 1440 4932 1561 4989; x_wconf 86' lang='lat' dir='ltr'>liberari.</span> <span class='ocrx_word' id='word_1_678' title='bbox 1577 4932 1654 5000; x_wconf 85' lang='lat' dir='ltr'>Quod</span> <span class='ocrx_word' id='word_1_679' title='bbox 1678 4932 1735 5002; x_wconf 90' lang='lat' dir='ltr'>ipsc</span> <span class='ocrx_word' id='word_1_680' title='bbox 1757 4931 1890 4989; x_wconf 83' lang='lat' dir='ltr'>llolllillus</span> <span class='ocrx_word' id='word_1_681' title='bbox 1910 4948 1960 4988; x_wconf 88' lang='lat' dir='ltr'>soa</span> 
     </span>
     <span class='ocr_line' id='line_1_51' title="bbox 335 5009 1960 5104; baseline -0.001 -25"><span class='ocrx_word' id='word_1_682' title='bbox 335 5035 431 5080; x_wconf 79' lang='lat' dir='ltr'>cerreto</span> <span class='ocrx_word' id='word_1_683' title='bbox 443 5042 502 5097; x_wconf 75' lang='lat' dir='ltr'>plcre</span> <span class='ocrx_word' id='word_1_684' title='bbox 524 5029 633 5098; x_wconf 75' lang='lat' dir='ltr'>sereret,</span> <span class='ocrx_word' id='word_1_685' title='bbox 653 5039 677 5085; x_wconf 80' lang='lat' dir='ltr'>et</span> <span class='ocrx_word' id='word_1_686' title='bbox 705 5040 781 5086; x_wconf 73' lang='grc' dir='ltr'>ιηιιιι</span> <span class='ocrx_word' id='word_1_687' title='bbox 805 5031 880 5087; x_wconf 63' lang='lat' dir='ltr'>palos</span> <span class='ocrx_word' id='word_1_688' title='bbox 898 5031 966 5088; x_wconf 63' lang='lat' dir='ltr'>bona</span> <span class='ocrx_word' id='word_1_689' title='bbox 990 5031 1067 5104; x_wconf 59' lang='lat' dir='ltr'>(Gen,</span> <span class='ocrx_word' id='word_1_690' title='bbox 1089 5033 1121 5104; x_wconf 77' lang='grc' dir='ltr'>ι),</span> <span class='ocrx_word' id='word_1_691' title='bbox 1174 5009 1309 5078; x_wconf 77' lang='lat' dir='ltr'>sententio</span> <span class='ocrx_word' id='word_1_692' title='bbox 1323 5023 1450 5087; x_wconf 85' lang='lat' dir='ltr'>destruit,</span> <span class='ocrx_word' id='word_1_693' title='bbox 1465 5023 1561 5079; x_wconf 86' lang='lat' dir='ltr'>dicens</span> <span class='ocrx_word' id='word_1_694' title='bbox 1575 5042 1582 5078; x_wconf 95' lang='lat'>:</span> <span class='ocrx_word' id='word_1_695' title='bbox 1597 5021 1656 5093; x_wconf 85' lang='lat' dir='ltr'>lpse</span> <span class='ocrx_word' id='word_1_696' title='bbox 1668 5032 1782 5080; x_wconf 82' lang='lat' dir='ltr'>rorltcret</span> <span class='ocrx_word' id='word_1_697' title='bbox 1795 5034 1873 5089; x_wconf 85' lang='lat' dir='ltr'>copul</span> <span class='ocrx_word' id='word_1_698' title='bbox 1884 5033 1960 5078; x_wconf 81' lang='lat' dir='ltr'>tuum</span> 
     </span>
     <span class='ocr_line' id='line_1_52' title="bbox 335 5113 1960 5188; baseline 0.002 -20"><span class='ocrx_word' id='word_1_699' title='bbox 335 5113 405 5168; x_wconf 78' lang='lat' dir='ltr'>lium</span> <span class='ocrx_word' id='word_1_700' title='bbox 427 5117 516 5170; x_wconf 90' lang='lat' dir='ltr'>solum</span> <span class='ocrx_word' id='word_1_701' title='bbox 542 5117 595 5173; x_wconf 89' lang='lat' dir='ltr'>boe</span> <span class='ocrx_word' id='word_1_702' title='bbox 615 5119 712 5188; x_wconf 83' lang='lat' dir='ltr'>reptile</span> <span class='ocrx_word' id='word_1_703' title='bbox 731 5121 834 5175; x_wconf 79' lang='lat' dir='ltr'>mallim</span> <span class='ocrx_word' id='word_1_704' title='bbox 858 5121 908 5175; x_wconf 90' lang='lat' dir='ltr'>luit</span> <span class='ocrx_word' id='word_1_705' title='bbox 930 5123 1002 5176; x_wconf 89' lang='lat' dir='ltr'>inter</span> <span class='ocrx_word' id='word_1_706' title='bbox 1022 5129 1122 5177; x_wconf 86' lang='lat' dir='ltr'>cuncta</span> <span class='ocrx_word' id='word_1_707' title='bbox 1173 5115 1249 5186; x_wconf 75' lang='lat' dir='ltr'>(Gru</span> <span class='ocrx_word' id='word_1_708' title='bbox 1266 5114 1325 5185; x_wconf 69' lang='lat'>¹5¹),</span> <span class='ocrx_word' id='word_1_709' title='bbox 1340 5121 1366 5170; x_wconf 79' lang='lat' dir='ltr'>ul</span> <span class='ocrx_word' id='word_1_710' title='bbox 1387 5130 1441 5170; x_wconf 86' lang='lat' dir='ltr'>nou</span> <span class='ocrx_word' id='word_1_711' title='bbox 1463 5116 1531 5186; x_wconf 88' lang='lat' dir='ltr'>ipsa.</span> <span class='ocrx_word' id='word_1_712' title='bbox 1546 5114 1619 5184; x_wconf 75' lang='lat' dir='ltr'>Ergo</span> <span class='ocrx_word' id='word_1_713' title='bbox 1642 5114 1712 5168; x_wconf 84' lang='lat' dir='ltr'>idem</span> <span class='ocrx_word' id='word_1_714' title='bbox 1733 5121 1775 5170; x_wconf 88' lang='lat' dir='ltr'>est</span> <span class='ocrx_word' id='word_1_715' title='bbox 1793 5129 1888 5171; x_wconf 76' lang='lat' dir='ltr'>senten</span> <span class='ocrx_word' id='word_1_716' title='bbox 1910 5129 1960 5186; x_wconf 85' lang='lat' dir='ltr'>per</span> 
     </span>
     <span class='ocr_line' id='line_1_53' title="bbox 334 5203 1958 5283; baseline 0.003 -26"><span class='ocrx_word' id='word_1_717' title='bbox 334 5218 397 5274; x_wconf 76' lang='lat' dir='ltr'>lpuae</span> <span class='ocrx_word' id='word_1_718' title='bbox 410 5203 483 5262; x_wconf 84' lang='lat' dir='ltr'>Deus</span> <span class='ocrx_word' id='word_1_719' title='bbox 498 5205 581 5263; x_wconf 75' lang='lat' dir='ltr'>lecit?</span> <span class='ocrx_word' id='word_1_720' title='bbox 592 5206 645 5264; x_wconf 91' lang='lat' dir='ltr'>Sed</span> <span class='ocrx_word' id='word_1_721' title='bbox 663 5220 739 5265; x_wconf 85' lang='lat' dir='ltr'>creor</span> <span class='ocrx_word' id='word_1_722' title='bbox 753 5211 828 5266; x_wconf 76' lang='lat' dir='ltr'>outre</span> <span class='ocrx_word' id='word_1_723' title='bbox 842 5210 920 5270; x_wconf 84' lang='lat' dir='ltr'>bone.</span> <span class='ocrx_word' id='word_1_724' title='bbox 937 5210 1008 5283; x_wconf 75' lang='lat' dir='ltr'>Ergo</span> <span class='ocrx_word' id='word_1_725' title='bbox 1023 5219 1050 5268; x_wconf 95' lang='lat' dir='ltr'>et</span> <span class='ocrx_word' id='word_1_726' title='bbox 1069 5212 1122 5268; x_wconf 90' lang='lat' dir='ltr'>boe</span> <span class='ocrx_word' id='word_1_727' title='bbox 1172 5207 1245 5276; x_wconf 84' lang='lat' dir='ltr'>quod</span> <span class='ocrx_word' id='word_1_728' title='bbox 1260 5207 1288 5263; x_wconf 89' lang='lat' dir='ltr'>ill</span> <span class='ocrx_word' id='word_1_729' title='bbox 1314 5206 1407 5277; x_wconf 89' lang='lat' dir='ltr'>primis</span> <span class='ocrx_word' id='word_1_730' title='bbox 1421 5207 1556 5277; x_wconf 86' lang='lat' dir='ltr'>promissa</span> <span class='ocrx_word' id='word_1_731' title='bbox 1569 5212 1612 5262; x_wconf 86' lang='lat' dir='ltr'>est</span> <span class='ocrx_word' id='word_1_732' title='bbox 1623 5206 1755 5267; x_wconf 85' lang='lat' dir='ltr'>victoria,</span> <span class='ocrx_word' id='word_1_733' title='bbox 1773 5222 1822 5279; x_wconf 87' lang='lat' dir='ltr'>per</span> <span class='ocrx_word' id='word_1_734' title='bbox 1839 5206 1913 5278; x_wconf 81' lang='lat' dir='ltr'>quod</span> <span class='ocrx_word' id='word_1_735' title='bbox 1929 5213 1958 5263; x_wconf 90' lang='lat' dir='ltr'>et</span> 
     </span>
     <span class='ocr_line' id='line_1_54' title="bbox 333 5295 1960 5376; baseline 0.001 -23"><span class='ocrx_word' id='word_1_736' title='bbox 333 5295 435 5353; x_wconf 87' lang='lat' dir='ltr'>bonum</span> <span class='ocrx_word' id='word_1_737' title='bbox 447 5300 518 5356; x_wconf 89' lang='lat' dir='ltr'>inter</span> <span class='ocrx_word' id='word_1_738' title='bbox 527 5309 627 5356; x_wconf 82' lang='lat' dir='ltr'>eaetern</span> <span class='ocrx_word' id='word_1_739' title='bbox 641 5301 723 5358; x_wconf 84' lang='lat' dir='ltr'>bona.</span> <span class='ocrx_word' id='word_1_740' title='bbox 736 5301 785 5358; x_wconf 82' lang='lat' dir='ltr'>bie</span> <span class='ocrx_word' id='word_1_741' title='bbox 796 5304 873 5368; x_wconf 79' lang='lat' dir='ltr'>milli,</span> <span class='ocrx_word' id='word_1_742' title='bbox 885 5303 1022 5375; x_wconf 68' lang='lat' dir='ltr'>ullomodo</span> <span class='ocrx_word' id='word_1_743' title='bbox 1032 5306 1123 5376; x_wconf 77' lang='lat' dir='ltr'>poluit</span> <span class='ocrx_word' id='word_1_744' title='bbox 1170 5298 1287 5354; x_wconf 75' lang='lat' dir='ltr'>Abralloe</span> <span class='ocrx_word' id='word_1_745' title='bbox 1300 5298 1401 5353; x_wconf 90' lang='lat' dir='ltr'>dieitur</span> <span class='ocrx_word' id='word_1_746' title='bbox 1414 5297 1567 5353; x_wconf 88' lang='lat' dir='ltr'>belledletio</span> <span class='ocrx_word' id='word_1_747' title='bbox 1578 5298 1685 5353; x_wconf 87' lang='lat' dir='ltr'>conctis</span> <span class='ocrx_word' id='word_1_748' title='bbox 1697 5298 1823 5368; x_wconf 72' lang='lat' dir='ltr'>pentibus</span> <span class='ocrx_word' id='word_1_749' title='bbox 1839 5299 1960 5354; x_wconf 77' lang='lat' dir='ltr'>tribuen-</span> 
     </span>
     <span class='ocr_line' id='line_1_55' title="bbox 333 5387 1958 5463; baseline 0.001 -19"><span class='ocrx_word' id='word_1_750' title='bbox 333 5387 676 5455; x_wconf 85' lang='lat' dir='ltr'>llonllmmalosinduere,</span> <span class='ocrx_word' id='word_1_751' title='bbox 693 5392 734 5447; x_wconf 83' lang='lat' dir='ltr'>uel</span> <span class='ocrx_word' id='word_1_752' title='bbox 750 5395 911 5463; x_wconf 81' lang='lat' dir='ltr'>perborum</span> <span class='ocrx_word' id='word_1_753' title='bbox 926 5393 1051 5450; x_wconf 83' lang='lat' dir='ltr'>ellectum</span> <span class='ocrx_word' id='word_1_754' title='bbox 1068 5394 1125 5449; x_wconf 77' lang='lat' dir='ltr'>llll·</span> <span class='ocrx_word' id='word_1_755' title='bbox 1171 5391 1216 5448; x_wconf 82' lang='lat' dir='ltr'>dn.</span> <span class='ocrx_word' id='word_1_756' title='bbox 1242 5389 1275 5447; x_wconf 82' lang='lat' dir='ltr'>Io</span> <span class='ocrx_word' id='word_1_757' title='bbox 1300 5392 1406 5453; x_wconf 70' lang='lat' dir='ltr'>moine,</span> <span class='ocrx_word' id='word_1_758' title='bbox 1433 5388 1534 5459; x_wconf 87' lang='lat' dir='ltr'>inquit,</span> <span class='ocrx_word' id='word_1_759' title='bbox 1562 5399 1616 5445; x_wconf 86' lang='lat' dir='ltr'>talo.</span> <span class='ocrx_word' id='word_1_760' title='bbox 1639 5389 1699 5444; x_wconf 80' lang='lat' dir='ltr'>Nou</span> <span class='ocrx_word' id='word_1_761' title='bbox 1728 5391 1756 5446; x_wconf 91' lang='lat' dir='ltr'>in</span> <span class='ocrx_word' id='word_1_762' title='bbox 1782 5390 1958 5446; x_wconf 86' lang='lat' dir='ltr'>multitudino</span> 
     </span>
     <span class='ocr_line' id='line_1_56' title="bbox 332 5480 1957 5559; baseline 0.002 -26"><span class='ocrx_word' id='word_1_763' title='bbox 332 5481 446 5559; x_wconf 60' lang='lat' dir='ltr'>leobatio</span> <span class='ocrx_word' id='word_1_764' title='bbox 460 5481 591 5554; x_wconf 77' lang='lat' dir='ltr'>imp&#39;erei</span> <span class='ocrx_word' id='word_1_765' title='bbox 603 5483 682 5539; x_wconf 75' lang='lat' dir='ltr'>Absit</span> <span class='ocrx_word' id='word_1_766' title='bbox 694 5485 747 5539; x_wconf 93' lang='lat' dir='ltr'>lloe</span> <span class='ocrx_word' id='word_1_767' title='bbox 770 5499 910 5541; x_wconf 88' lang='lat' dir='ltr'>nsommo</span> <span class='ocrx_word' id='word_1_768' title='bbox 927 5484 1075 5550; x_wconf 85' lang='lat' dir='ltr'>bonobso,</span> <span class='ocrx_word' id='word_1_769' title='bbox 1091 5494 1121 5546; x_wconf 89' lang='lat' dir='ltr'>ut</span> <span class='ocrx_word' id='word_1_770' title='bbox 1170 5480 1337 5545; x_wconf 71' lang='lat' dir='ltr'>iudeorum,</span> <span class='ocrx_word' id='word_1_771' title='bbox 1353 5488 1384 5536; x_wconf 92' lang='lat' dir='ltr'>llt</span> <span class='ocrx_word' id='word_1_772' title='bbox 1401 5488 1429 5535; x_wconf 88' lang='grc' dir='ltr'>ιιι</span> <span class='ocrx_word' id='word_1_773' title='bbox 1458 5481 1569 5540; x_wconf 83' lang='lat' dir='ltr'>asseris.</span> <span class='ocrx_word' id='word_1_774' title='bbox 1587 5481 1634 5536; x_wconf 86' lang='lat' dir='ltr'>sed</span> <span class='ocrx_word' id='word_1_775' title='bbox 1651 5481 1678 5535; x_wconf 91' lang='lat' dir='ltr'>ln</span> <span class='ocrx_word' id='word_1_776' title='bbox 1701 5497 1755 5538; x_wconf 90' lang='lat' dir='ltr'>uuo</span> <span class='ocrx_word' id='word_1_777' title='bbox 1773 5482 1819 5551; x_wconf 83' lang='lat' dir='ltr'>qui</span> <span class='ocrx_word' id='word_1_778' title='bbox 1840 5480 1876 5538; x_wconf 89' lang='lat' dir='ltr'>de</span> <span class='ocrx_word' id='word_1_779' title='bbox 1896 5482 1957 5551; x_wconf 73' lang='lat' dir='ltr'>ejus</span> 
     </span>
     <span class='ocr_line' id='line_1_57' title="bbox 332 5573 1956 5644; baseline 0.002 -16"><span class='ocrx_word' id='word_1_780' title='bbox 332 5583 487 5631; x_wconf 85' lang='lat' dir='ltr'>ereaturam</span> <span class='ocrx_word' id='word_1_781' title='bbox 504 5577 695 5640; x_wconf 84' lang='lat' dir='ltr'>innocentem,</span> <span class='ocrx_word' id='word_1_782' title='bbox 709 5584 736 5638; x_wconf 89' lang='lat' dir='ltr'>et</span> <span class='ocrx_word' id='word_1_783' title='bbox 749 5579 838 5636; x_wconf 87' lang='lat' dir='ltr'>adllue</span> <span class='ocrx_word' id='word_1_784' title='bbox 853 5578 964 5635; x_wconf 76' lang='lat' dir='ltr'>utillime</span> <span class='ocrx_word' id='word_1_785' title='bbox 978 5580 1118 5636; x_wconf 85' lang='lat' dir='ltr'>laedentem</span> <span class='ocrx_word' id='word_1_786' title='bbox 1171 5576 1274 5632; x_wconf 87' lang='lat' dir='ltr'>semine</span> <span class='ocrx_word' id='word_1_787' title='bbox 1288 5582 1371 5637; x_wconf 87' lang='lat' dir='ltr'>esset,</span> <span class='ocrx_word' id='word_1_788' title='bbox 1386 5581 1412 5628; x_wconf 90' lang='lat' dir='ltr'>et</span> <span class='ocrx_word' id='word_1_789' title='bbox 1433 5588 1487 5627; x_wconf 89' lang='lat' dir='ltr'>uon</span> <span class='ocrx_word' id='word_1_790' title='bbox 1504 5573 1530 5626; x_wconf 87' lang='lat' dir='ltr'>ill</span> <span class='ocrx_word' id='word_1_791' title='bbox 1550 5574 1686 5644; x_wconf 86' lang='lat' dir='ltr'>pluribus.</span> <span class='ocrx_word' id='word_1_792' title='bbox 1703 5573 1771 5628; x_wconf 85' lang='lat' dir='ltr'>Nam</span> <span class='ocrx_word' id='word_1_793' title='bbox 1795 5575 1817 5630; x_wconf 88' lang='lat' dir='ltr'>si</span> <span class='ocrx_word' id='word_1_794' title='bbox 1834 5575 1956 5631; x_wconf 78' lang='lat' dir='ltr'>uolueris</span> 
     </span>
     <span class='ocr_line' id='line_1_58' title="bbox 331 5663 1957 5743; baseline 0.007 -25"><span class='ocrx_word' id='word_1_795' title='bbox 331 5677 348 5718; x_wconf 89' lang='lat' dir='ltr'>s</span> <span class='ocrx_word' id='word_1_796' title='bbox 362 5667 480 5738; x_wconf 78' lang='lat' dir='ltr'>maligno</span> <span class='ocrx_word' id='word_1_797' title='bbox 495 5669 593 5741; x_wconf 85' lang='lat' dir='ltr'>spirito</span> <span class='ocrx_word' id='word_1_798' title='bbox 607 5671 711 5728; x_wconf 87' lang='lat' dir='ltr'>assumi</span> <span class='ocrx_word' id='word_1_799' title='bbox 722 5670 908 5743; x_wconf 88' lang='lat' dir='ltr'>permitteret,</span> <span class='ocrx_word' id='word_1_800' title='bbox 920 5679 968 5727; x_wconf 87' lang='lat' dir='ltr'>aut</span> <span class='ocrx_word' id='word_1_801' title='bbox 987 5673 1120 5729; x_wconf 79' lang='lat' dir='ltr'>bonomo</span> <span class='ocrx_word' id='word_1_802' title='bbox 1169 5665 1223 5726; x_wconf 83' lang='lat' dir='ltr'>huc</span> <span class='ocrx_word' id='word_1_803' title='bbox 1240 5665 1352 5720; x_wconf 78' lang='lat' dir='ltr'>terbum</span> <span class='ocrx_word' id='word_1_804' title='bbox 1374 5663 1541 5718; x_wconf 69' lang='lat' dir='ltr'>multitudini</span> <span class='ocrx_word' id='word_1_805' title='bbox 1558 5663 1715 5720; x_wconf 76' lang='lat' dir='ltr'>‹iuduutulu</span> <span class='ocrx_word' id='word_1_806' title='bbox 1738 5664 1897 5730; x_wconf 70' lang='lat' dir='ltr'>uuuuibeiu·</span> <span class='ocrx_word' id='word_1_807' title='bbox 1911 5665 1957 5721; x_wconf 79' lang='lat' dir='ltr'>diu</span> 
     </span>
     <span class='ocr_line' id='line_1_59' title="bbox 332 5754 1956 5836; baseline 0.001 -23"><span class='ocrx_word' id='word_1_808' title='bbox 332 5759 405 5815; x_wconf 84' lang='lat' dir='ltr'>malo</span> <span class='ocrx_word' id='word_1_809' title='bbox 425 5762 561 5832; x_wconf 82' lang='lat' dir='ltr'>possideri</span> <span class='ocrx_word' id='word_1_810' title='bbox 580 5763 744 5822; x_wconf 88' lang='lat' dir='ltr'>concederet</span> <span class='ocrx_word' id='word_1_811' title='bbox 768 5763 802 5820; x_wconf 86' lang='lat' dir='ltr'>ad</span> <span class='ocrx_word' id='word_1_812' title='bbox 822 5763 959 5821; x_wconf 86' lang='lat' dir='ltr'>bominem</span> <span class='ocrx_word' id='word_1_813' title='bbox 981 5763 1118 5836; x_wconf 91' lang='lat' dir='ltr'>decipien·</span> <span class='ocrx_word' id='word_1_814' title='bbox 1170 5757 1253 5824; x_wconf 86' lang='lat' dir='ltr'>mibi,</span> <span class='ocrx_word' id='word_1_815' title='bbox 1268 5757 1315 5820; x_wconf 88' lang='lat' dir='ltr'>obi</span> <span class='ocrx_word' id='word_1_816' title='bbox 1330 5771 1448 5828; x_wconf 84' lang='lat' dir='ltr'>unquam</span> <span class='ocrx_word' id='word_1_817' title='bbox 1464 5771 1513 5829; x_wconf 88' lang='lat' dir='ltr'>per</span> <span class='ocrx_word' id='word_1_818' title='bbox 1525 5754 1741 5813; x_wconf 81' lang='lat' dir='ltr'>Jlldlrosomnes</span> <span class='ocrx_word' id='word_1_819' title='bbox 1760 5764 1856 5828; x_wconf 74' lang='lat' dir='ltr'>gentes</span> <span class='ocrx_word' id='word_1_820' title='bbox 1872 5757 1956 5813; x_wconf 86' lang='lat' dir='ltr'>bene·</span> 
     </span>
     <span class='ocr_line' id='line_1_60' title="bbox 331 5846 1955 5928; baseline 0.002 -24"><span class='ocrx_word' id='word_1_821' title='bbox 331 5846 413 5912; x_wconf 86' lang='lat' dir='ltr'>dom,</span> <span class='ocrx_word' id='word_1_822' title='bbox 435 5867 516 5924; x_wconf 88' lang='lat' dir='ltr'>quem</span> <span class='ocrx_word' id='word_1_823' title='bbox 542 5855 645 5910; x_wconf 90' lang='lat' dir='ltr'>bonum</span> <span class='ocrx_word' id='word_1_824' title='bbox 667 5856 727 5928; x_wconf 86' lang='lat' dir='ltr'>ipso</span> <span class='ocrx_word' id='word_1_825' title='bbox 753 5857 903 5915; x_wconf 81' lang='lat' dir='ltr'>creaverat!</span> <span class='ocrx_word' id='word_1_826' title='bbox 927 5854 1018 5925; x_wconf 79' lang='lat' dir='ltr'>Quare</span> <span class='ocrx_word' id='word_1_827' title='bbox 1040 5870 1117 5928; x_wconf 70' lang='lat' dir='ltr'>ergo,</span> <span class='ocrx_word' id='word_1_828' title='bbox 1169 5848 1316 5911; x_wconf 82' lang='lat' dir='ltr'>dictionem</span> <span class='ocrx_word' id='word_1_829' title='bbox 1336 5847 1501 5922; x_wconf 85' lang='lat' dir='ltr'>acceperint.</span> <span class='ocrx_word' id='word_1_830' title='bbox 1518 5847 1597 5917; x_wconf 80' lang='lat' dir='ltr'>Quod</span> <span class='ocrx_word' id='word_1_831' title='bbox 1611 5865 1673 5907; x_wconf 93' lang='lat' dir='ltr'>cum</span> <span class='ocrx_word' id='word_1_832' title='bbox 1688 5864 1742 5907; x_wconf 90' lang='lat' dir='ltr'>noll</span> <span class='ocrx_word' id='word_1_833' title='bbox 1758 5850 1862 5923; x_wconf 90' lang='lat' dir='ltr'>poteris</span> <span class='ocrx_word' id='word_1_834' title='bbox 1877 5849 1955 5908; x_wconf 84' lang='lat' dir='ltr'>lure·</span> 
     </span>
     <span class='ocr_line' id='line_1_61' title="bbox 332 5934 1960 6023; baseline 0.006 -29"><span class='ocrx_word' id='word_1_835' title='bbox 332 5937 433 6007; x_wconf 70' lang='lat' dir='ltr'>illusis,</span> <span class='ocrx_word' id='word_1_836' title='bbox 449 5942 540 6002; x_wconf 77' lang='lat' dir='ltr'>dictus</span> <span class='ocrx_word' id='word_1_837' title='bbox 553 5954 594 6002; x_wconf 89' lang='lat' dir='ltr'>cst</span> <span class='ocrx_word' id='word_1_838' title='bbox 611 5945 963 6009; x_wconf 74' lang='lat' dir='ltr'>somens&#39;Prontermortis</span> <span class='ocrx_word' id='word_1_839' title='bbox 980 5947 1115 6009; x_wconf 84' lang='lat' dir='ltr'>nrlrleum,</span> <span class='ocrx_word' id='word_1_840' title='bbox 1167 5946 1245 6011; x_wconf 81' lang='lat' dir='ltr'>uiro,</span> <span class='ocrx_word' id='word_1_841' title='bbox 1259 5945 1401 6003; x_wconf 84' lang='lat' dir='ltr'>nobiscnm</span> <span class='ocrx_word' id='word_1_842' title='bbox 1428 5943 1500 6016; x_wconf 76' lang='lat' dir='ltr'>ullod</span> <span class='ocrx_word' id='word_1_843' title='bbox 1520 5934 1666 6005; x_wconf 85' lang='lat' dir='ltr'>adoralllus</span> <span class='ocrx_word' id='word_1_844' title='bbox 1683 5945 1797 6005; x_wconf 85' lang='lat' dir='ltr'>adorare</span> <span class='ocrx_word' id='word_1_845' title='bbox 1812 5944 1919 6023; x_wconf 70' lang='lat' dir='ltr'>debes,</span> <span class='ocrx_word' id='word_1_846' title='bbox 1930 5951 1960 6010; x_wconf 83' lang='lat' dir='ltr'>et</span> 
     </span>
    </p>
   </div>
   <div class='ocr_carea' id='block_1_5' title="bbox 0 0 2180 6709">
    <p class='ocr_par' dir='ltr' id='par_1_5' title="bbox 0 0 2180 6709">
     <span class='ocr_line' id='line_1_62' title="bbox 0 0 2180 6709; baseline 0 8"><span class='ocrx_word' id='word_1_847' title='bbox 0 0 2180 6709; x_wconf 95' lang='lat' dir='ltr'> </span> 
     </span>
    </p>
   </div>
  </div>
 </body>
</html>
