4350 6709
860 551 975 609 tbbbs
994 553 1208 612 essentiis!

393 934 519 996 LUDUS
546 933 848 1008 Pnscnnnlsbn
871 932 1062 994 rlDVENTU
1092 937 1143 996 ET
1176 938 1368 1000 lNTElllTU
1392 939 1665 1005 nit'ttetililsli.

256 1300 400 1372 'lemplnm
417 1297 536 1363 Domini,
552 1305 580 1353 et
596 1303 699 1369 septem
723 1298 802 1352 sedes
823 1295 928 1366 regales
951 1295 1044 1364 pri-A
1129 1298 1254 1372 Quisquis
1269 1305 1365 1373 estqui
1378 1304 1562 1372 creditatiter,
1651 1339 1653 1342 >

221 1409 296 1448 nrum
307 1392 478 1447 collocentur
502 1390 530 1445 in
557 1391 631 1445 burro
660 1388 790 1444 modum:
815 1388 849 1444 ad
874 1386 1022 1443 orientem·
1132 1389 1208 1444 Hunc
1221 1391 1380 1449 damnamus
1391 1398 1562 1453 aeternaliter.

220 1485 352 1556 ternplum
368 1481 494 1550 Domini3
511 1482 574 1538 hnic
587 1481 758 1536 collocantur
772 1478 851 1536 sedes
866 1480 937 1550 regis
948 1478 1010 1535 llie·
1093 1479 1226 1536 Ascendit
1240 1490 1331 1539 autem
1358 1485 1418 1556 ipsa
1441 1501 1504 1542 cum
1531 1489 1691 1560 Apostolico
1713 1503 1741 1549 et
1758 1494 1845 1561 clero,

221 1578 424 1649 rosolymorum
439 1583 465 1630 et
483 1574 563 1631 sedes
583 1574 743 1647 synagogae.
768 1572 810 1628 dd
837 1571 1008 1627 occidentem
1059 1571 1233 1643 imperatore,
1245 1583 1273 1632 et
1288 1577 1385 1633 militia
1401 1581 1584 1638 snaeumrlem
1607 1585 1746 1642 thronum.
1761 1584 1844 1642 Post·

223 1670 302 1727 sedes
322 1669 496 1741 imperatoris
520 1667 726 1737 Romanorum
747 1666 811 1721 lmic
839 1665 1010 1720 collocantur
1058 1679 1090 1720 ea
1114 1667 1267 1736 procedunt
1283 1679 1310 1726 et
1337 1671 1385 1726 alii
1402 1687 1481 1744 reges
1503 1689 1565 1729 cnm
1590 1677 1688 1731 militia
1709 1694 1760 1735 sua
1781 1694 1847 1734 can·

223 1765 303 1820 sedes
318 1763 392 1834 regis
411 1760 643 1817 'l'bcotonicarum
658 1766 686 1816 et
702 1760 781 1816 sedes
805 1758 877 1830 repis
889 1755 1009 1811 Franco-
1060 1767 1152 1815 tantes
1173 1761 1274 1832 singuli
1298 1764 1372 1834 qnod
1390 1767 1563 1825 conveniens
1581 1771 1671 1826 visum
1700 1771 1794 1829 luerit.
1814 1773 1848 1829 Et

223 1872 295 1910 runi.
312 1854 354 1909 Ad
368 1860 493 1910 austrum
510 1853 589 1909 sedes
605 1851 678 1923 regis
692 1851 860 1907 Graecornm.
872 1850 913 1906 lla
927 1848 1011 1905 meri·
1060 1850 1102 1905 sic
1120 1854 1312 1925 unusquisqne
1331 1871 1395 1910 cnm
1420 1859 1515 1914 militia
1542 1876 1591 1916 sua
1621 1863 1750 1919 ascendet
1772 1863 1848 1918 tlrro·

222 1949 296 2003 diem
309 1942 386 2003 sodes
400 1948 472 2019 regis
487 1944 643 2017 Rabylonis
659 1951 685 1999 et
699 1942 876 1998 Gentilitntis.
901 1940 949 1997 llis
972 1941 1010 1995 ita
1060 1960 1126 1998 num
1143 1960 1234 2012 suum,
1251 1950 1353 2019 templo
1367 1950 1456 2006 adhuc
1470 1961 1502 2011 et,
1513 1970 1567 2009 nno
1582 1955 1683 2011 throno
1698 1956 1793 2012 saeuis
1805 1973 1849 2013 re-

222 2040 356 2095 ordinatis
372 2040 461 2111 primo
481 2039 611 2110 procedat
626 2037 771 2094 Gentilitas
799 2050 861 2091 com
878 2050 940 2106 rege
958 2033 1011 2088 Ba·
1060 2034 1247 2090 manentibus.
1266 2035 1344 2092 Tunc
1366 2039 1516 2111 imperator
1535 2044 1629 2114 dirigit
1649 2046 1763 2102 nuntios
1782 2061 1848 2104 snos

222 2135 339 2205 byloniae
357 2143 492 2191 cantans:

318 2226 319 2229 ¹
1061 2219 1175 2277 dicens:

1132 2313 1208 2369 Sicut
1221 2317 1321 2385 scripta
1336 2318 1445 2373 tradunt
1459 2320 1730 2393 bistorioprapborum

1134 2406 1215 2463 Fotus
1227 2409 1340 2466 mundus
1355 2411 1444 2481 [uerat
1458 2414 1540 2483 fiscus
1555 2413 1746 2472 Romanorum.
1766 2401 1770 2407 ’

1134 2499 1192 2555 lloc
1208 2503 1356 2572 primorum
1375 2506 1520 2560 strenuitas
1534 2505 1691 2572 elaboravit,

296 2268 410 2322 Deorum
425 2268 613 2322 immortalitas
624 2276 662 2322 est
679 2267 798 2322 omnibus
811 2263 932 2328 cadeudo,

293 2359 393 2415 Eorum
407 2370 432 2414 et
447 2357 590 2429 pluralitas
606 2358 700 2430 ubique
712 2356 861 2413 metuenda.

293 2452 378 2506 Stulti
390 2463 462 2516 sunt,
475 2462 501 2505 et
512 2468 568 2507 vere
581 2452 661 2521 fatui,
670 2450 803 2522 anbeam
817 2464 898 2503 unum
910 2447 1009 2501 dicunt.

294 2529 365 2607 Quia
379 2543 547 2612 antiquitatis
561 2542 626 2596 ritui
634 2550 764 2610 perpetuae
780 2538 974 2594 contradicant.
1059 2583 1062 2589 .

1061 2125 1096 2179 ad
1111 2126 1233 2198 singulos
1250 2144 1337 2200 reges,
1352 2137 1379 2186 et
1394 2133 1483 2202 primo
1508 2135 1542 2189 ad
1564 2151 1655 2207 regem
1677 2135 1847 2194 Francorum
1928 2143 1939 2156 “

293 2635 325 2689 Si
335 2636 404 2688 enim
416 2651 497 2688 unum
512 2634 654 2700 credimus,
670 2632 715 2703 qui
728 2632 820 2703 praesit
835 2631 974 2694 universis,
1027 2649 1048 2707 Β

296 2725 448 2797 Subiectum
457 2726 699 2782 buncconcedimus
711 2726 843 2782 contrarie
854 2725 972 2779 diversis.

295 2820 362 2877 Cum
373 2822 434 2875 binc
448 2820 544 2875 bonum
555 2821 629 2891 pacis
638 2821 725 2891 foveat
733 2819 854 2874 clementi
868 2818 974 2888 pietate.

296 2913 365 2968 llinc
378 2912 440 2968 beili
451 2914 581 2967 tumultus
597 2922 697 2967 moveat
710 2929 779 2967 soeva
792 2910 958 2965 crudelitate.

296 3004 341 3059 Sic
357 3004 519 3059 multarunt
536 3005 632 3074 officia,
647 3003 800 3073 diversaque
814 3002 932 3064 deorum,

297 3101 362 3166 Quae
373 3099 449 3154 uobis
461 3108 522 3155 suut
534 3099 634 3154 indicia
646 3099 807 3157 discriminis
821 3114 922 3154 corum.

297 3192 350 3258 Qui
368 3192 450 3262 ipitur
464 3199 519 3244 tam
531 3191 687 3261 multifariis
695 3208 775 3246 unum
783 3191 875 3246 dicunt
889 3206 1011 3260 proecssc,

297 3283 411 3338 lliorsrm
422 3284 564 3339 contrariis
579 3294 618 3338 est
628 3285 696 3354 affici
711 3300 823 3340 necesse.

1132 2596 1185 2651 Sed
1200 2605 1367 2665 posterorum
1381 2597 1486 2654 desidia
1499 2598 1650 2669 dissipavit.

1133 2686 1188 2742 Sub
1199 2687 1241 2741 bis
1260 2689 1362 2759 imperii
1373 2688 1479 2760 dilapsa
1490 2700 1530 2745 est
1542 2699 1671 2761 potestas,

1134 2782 1223 2848 Quam
1238 2792 1336 2836 nostra
1348 2785 1438 2852 repetit
1449 2785 1574 2853 potentias
1585 2785 1723 2855 majestas.

1133 2868 1212 2939 llepes
1230 2887 1291 2941 erpo
1304 2872 1403 2942 simpuli
1417 2873 1490 2942 prius
1503 2874 1627 2947 instituta

1134 2959 1213 3015 Nunc
1227 2961 1347 3018 llomano
1358 2962 1463 3018 solvant
1478 2965 1587 3033 imperio
1598 2966 1709 3024 tributa.

1134 3052 1187 3108 Sed
1198 3053 1268 3124 puod
1277 3055 1303 3109 in
1319 3056 1415 3110 mititia
1432 3057 1500 3111 valet
1511 3074 1572 3128 pens
1586 3057 1609 3111 F
1611 3074 1769 3124 raucarum,

1133 3145 1224 3202 Armis
1241 3147 1351 3217 imperio
1365 3163 1412 3201 rea
1425 3150 1522 3203 serviat
1537 3166 1639 3206 eorurrs.

1134 3236 1205 3292 lluic
1219 3247 1247 3293 ut
1261 3237 1396 3294 bominum
1411 3255 1470 3293 cum
1485 3239 1613 3310 fidelitate

1136 3327 1220 3386 Nobis
1231 3329 1258 3384 in
1271 3332 1391 3401 proximo
1407 3332 1507 3402 saciat,
1525 3335 1660 3401 imperate.

1100 3418 1168 3475 Tum
1184 3421 1263 3491 legati
1280 3420 1420 3478 uenientes
1431 3422 1466 3478 ad
1476 3439 1566 3494 regem
1577 3422 1744 3481 Francorum
1758 3440 1852 3483 coram

1064 3531 1097 3571 eo
1111 3523 1225 3570 cantent
1240 3532 1246 3567 :

1136 3606 1257 3663 Salutem
1269 3609 1379 3662 mandat
1394 3609 1539 3679 imperator
1553 3609 1733 3667 Romanorum

1135 3698 1238 3755 Dilecto
1251 3717 1299 3762 sup
1316 3701 1414 3771 inclyta
1427 3704 1482 3773 cepi
1497 3700 1664 3758 Francorum

1137 3791 1200 3846 Fuar
1213 3792 1366 3848 discretioni
1379 3804 1470 3849 notum
1485 3795 1581 3851 scimus
1594 3810 1661 3860 esse,

1138 3883 1214 3949 Quod
1228 3883 1345 3938 llomana
1356 3884 1415 3955 juri
1431 3896 1459 3940 tu
1473 3885 1566 3941 debeas
1585 3885 1700 3942 subesse.

1138 3971 1211 4027 Unde
1225 3984 1249 4028 tc
1264 3975 1356 4043 repetit
1371 3976 1501 4029 sententia
1516 3975 1627 4030 tenenda

297 3373 339 3430 Ne
353 3392 414 3446 erpo
426 3391 508 3429 unum
523 3376 619 3444 subjici
634 3377 777 3431 contrariis
787 3375 920 3441 dicamus,

298 3466 333 3522 Et
347 3467 388 3521 bis
404 3466 520 3522 divinam
535 3467 736 3537 officinaturam
750 3465 935 3523 concedamus.

299 3561 410 3616 Ratione
422 3559 472 3614 bac
484 3559 648 3615 deceruimus
660 3564 722 3615 deos
737 3558 935 3622 discriminare,

299 3652 391 3723 Officia
401 3652 652 3723 quorumcernimss
666 3651 698 3705 ab
716 3650 825 3704 invicem
839 3647 953 3703 distare.

263 3769 341 3836 Quod
356 3768 439 3824 etiam
455 3767 535 3824 debet
551 3767 659 3823 cantari
685 3782 735 3837 per
757 3772 844 3820 totum
867 3763 960 3819 ludum
985 3761 1013 3815 in

227 3861 450 3932 temporibus.Et
464 3861 504 3917 sic
519 3861 578 3931 ipsa
591 3867 619 3915 et
629 3875 677 3915 rex
694 3858 850 3929 Babyloniae
861 3855 1017 3912 ascendunt·

228 3956 256 4010 in
273 3955 364 4012 sedem
380 3970 470 4010 snam.
486 3953 563 4010 Tunc
576 3954 702 4025 seqnitur
717 3950 861 4026 synagoga
878 3965 942 4006 cum
964 3946 1048 4045 ln-C

228 4046 296 4103 daeis
309 4056 425 4105 cantans
439 4068 445 4103 ε

301 4157 402 4213 Nostra
417 4159 490 4213 salus
504 4158 532 4210 irs
546 4165 579 4220 te,
596 4155 721 4220 bombum

302 4247 387 4303 Nulla
401 4250 461 4304 visa
471 4264 530 4319 spes
541 4249 569 4303 in
583 4248 703 4311 bomine,·

1136 4064 1240 4120 Summi
1252 4066 1354 4135 imperii
1367 4075 1390 4121 el
1406 4082 1507 4137 semper
1520 4068 1676 4132 metuenda:
1725 4112 1730 4120 .

1136 4158 1219 4230 Cujus
1235 4158 1269 4214 ad
1283 4160 1418 4215 servitium
1434 4177 1482 4215 uos
1499 4169 1524 4215 te
1534 4161 1679 4217 invitamus

1138 4253 1172 4306 Et
1184 4253 1236 4307 cito
1247 4254 1332 4309 venire
1341 4252 1389 4309 sub
1402 4263 1531 4325 praecepto
1543 4256 1710 4311 mandamus.

231 4344 316 4399 Error
329 4353 367 4398 est
380 4342 407 4397 r‘n
429 4340 529 4398 Cbristi
546 4344 649 4395 nominc
672 4357 743 4410 spem
759 4340 854 4396 salutis
876 4340 1014 4395 testimari.
1102 4344 1206 4411 Quibus
1221 4345 1288 4401 ille:

301 4433 411 4497 Mirum,
427 4434 451 4487 si
466 4433 546 4486 morti
556 4431 702 4498 succubuit,
808 4505 811 4510 Ι

304 4526 357 4592 Qui
368 4525 450 4579 vitam
463 4523 525 4578 aliis
540 4521 644 4583 tribuit.

231 4619 284 4688 Qui
295 4618 439 4673 resalvare
454 4633 506 4670 non
521 4617 617 4685 potuit,
627 4613 659 4669 ab
675 4614 882 4685 bocpuispotest
897 4614 1016 4671 salvari?

303 4709 365 4765 Non
379 4709 517 4775 bomines‚·
533 4710 578 4780 qai
593 4718 633 4764 est
645 4707 814 4774 Emmanuel,

302 4800 386 4856 Deum
402 4800 527 4855 adorabis
543 4798 647 4856 Israel.¹

230 4893 323 4949 desum
338 4895 406 4948 sicut
425 4892 487 4947 deos
498 4891 598 4947 ismael
612 4902 637 4948 te
645 4892 726 4962 jubeo
740 4892 877 4949 detestari.

1140 4437 1366 4508 ilistoriopraplris
1379 4438 1403 4491 si
1412 4454 1465 4509 qua
1478 4436 1543 4507 tides
1558 4436 1678 4502 babetur,

1140 4528 1167 4583 N
1169 4521 1204 4583 ou
1216 4545 1263 4583 aas
1281 4529 1400 4598 imperio,
1416 4528 1461 4583 sed
1473 4528 1548 4583 nobis
1559 4528 1606 4582 boc
1617 4527 1734 4582 debetur.

1142 4621 1214 4676 illud
1228 4623 1298 4676 enim
1310 4621 1426 4676 seniores
1442 4619 1515 4677 Galli
1528 4619 1716 4691 possederunt,

1140 4716 1223 4787 rltque
1233 4717 1289 4770 suis
1299 4715 1411 4786 posteris
1422 4713 1496 4770 uobis
1514 4712 1702 4784 reliquerunt„

1140 4807 1191 4863 Sed
1208 4807 1256 4862 boc
1266 4805 1400 4862 invasoria
1415 4809 1439 4860 vi
1451 4821 1519 4859 nunc
1534 4801 1700 4874 spoliamur5

1139 4901 1216 4955 Absit
1230 4896 1395 4954 invasoribus
1407 4898 1441 4951 'ut
1460 4913 1507 4952 nos
1527 4892 1723 4965 obsequamur!

267 4985 343 5053 Quod
359 4994 387 5042 et
402 4984 764 5069 ipsacanlsbitsinssullsin
778 4984 963 5056 temporibus,
989 4991 1017 5040 el
1105 4993 1174 5049 'lom
1198 4994 1278 5066 legati
1303 4992 1450 5050 redeuntes
1475 4989 1509 5046 ad
1534 4990 1725 5061 imperatorem
1750 4993 1859 5046 cannot

232 5077 274 5133 sic
284 5076 416 5133 ascendat
428 5077 558 5132 thronum
573 5091 664 5132 suum.
678 5075 756 5133 Tunc
777 5077 899 5134 Ecclesia
915 5077 944 5132 in
958 5093 1020 5132 mu·
1070 5101 1162 5142 coram
1173 5101 1206 5142 eo
1224 5103 1231 5139 ς

232 5169 314 5227 liebri
330 5169 424 5224 babitu
453 5168 576 5252 procedit
600 5169 697 5225 induta
720 5172 873 5234 thoracem,
893 5176 920 5225 et
936 5185 1018 5225 coro·

231 5268 309 5326 nats,
325 5262 472 5317 assistente
485 5260 538 5317 sibi
550 5260 740 5317 llisericordia
754 5277 816 5318 curn
829 5261 890 5317 oleo
905 5260 940 5315 ad
951 5259 1019 5316 dex·

233 5363 332 5420 teram,
345 5360 372 5409 et
386 5351 496 5408 lustitia
511 5368 574 5408 cum
590 5352 661 5407 libra
675 5360 704 5409 et
717 5353 807 5424 gladio
825 5354 860 5409 ad
878 5354 1018 5411 sinistram
1036 5328 1058 5384 ⁰
1145 5361 1204 5416 imo
1216 5371 1241 5415 er
1254 5359 1358 5431 imperti
1368 5359 1407 5413 ras·
1416 5359 1463 5429 jas
1477 5359 1641 5429 infirmatur,

234 5444 362 5517 utrisque
373 5446 546 5503 muliebriter
557 5445 672 5503 indutis.
686 5443 843 5517 Sequentur
864 5447 947 5502 etiam
958 5461 1019 5501 eam

233 5537 410 5608 Apostolicus
428 5538 636 5595 adestriscnm
653 5539 739 5604 clero,
762 5546 790 5595 et
804 5539 952 5609 imperator
965 5537 1021 5595 llo-

235 5645 407 5686 manornma
423 5631 544 5689 sinistris
566 5647 630 5688 cum
660 5632 769 5688 militia.
785 5631 914 5691 Captabit
929 5638 1021 5688 autem

1144 5179 1211 5234 Ecce
1225 5177 1326 5232 Franci
1339 5193 1418 5247 super
1432 5186 1457 5231 te
1470 5176 1581 5231 nimivm
1597 5173 1663 5230 elati

1144 5268 1268 5324 Proterve
1282 5285 1310 5323 se
1327 5277 1458 5338 opponunt
1473 5278 1524 5321 tuso
1539 5265 1698 5335 majestati:

1143 5452 1218 5509 tttnd
1233 5453 1396 5508 invasorium
1407 5450 1471 5504 dum
1485 5451 1648 5521 affirmatur.
1712 5410 1720 5439 Ι

1142 5546 1229 5619 Diprra
1244 5562 1305 5616 erpo
1319 5561 1396 5614 poena
1412 5543 1524 5612 correpti
1539 5542 1711 5608 resipiscant,

1146 5637 1180 5692 llt
1193 5654 1239 5708 per
1248 5654 1292 5692 eas
1302 5636 1351 5692 alii
1365 5634 1468 5691 obedire
1482 5635 1600 5700 discant«

234 5721 361 5779 Ecclesia
375 5722 438 5777 Aila
453 5724 578 5790 consitio,
603 5724 647 5780 his
665 5725 711 5796 qni
727 5741 792 5782 eam·
811 5731 964 5796 sequuntur
986 5727 1022 5777 ad
1108 5733 1186 5788 Tune
1201 5732 1351 5802 imperator
1365 5736 1458 5784 cantat
1475 5749 1481 5784 :

235 5814 361 5886 singulos
374 5818 472 5871 versus
486 5814 716 5886 respondentibus
729 5839 735 5874 ε

312 5929 374 5984 llrec
388 5941 426 5985 est
443 5930 520 5999 fides,
534 5932 705 6001 erquerico,

309 6022 341 6078 ln
357 6025 512 6095 quartariis
527 6021 569 6078 lev
580 6024 675 6091 sopita.

1143 5825 1234 5881 Corda
1248 5824 1333 5880 solent
1347 5832 1407 5877 ante
1422 5822 1526 5877 ruinam
1542 5820 1668 5876 exultari.

1146 5917 1265 5987 Superba
1278 5916 1373 5972 stultos
1390 5916 1460 5986 ioqui
1474 5913 1555 5976 notite
1565 5913 1673 5998 mirari.

1146 6019 1264 6085 Qnornm
1281 6032 1327 6072 uas
1339 6013 1487 6086 snperbiam
1505 5995 1572 6069 cer'tc
1585 6012 1768 6084 reprimemus,
