4350 6709
230 517 279 574 'idi
742 518 950 577 annonariis
968 520 1154 578 ADVERSUS
1170 522 1332 581 JUDAEUil.
1519 502 1523 510 .
1795 526 1848 584 ld!

228 637 352 694 credere.
369 635 496 691 [lirinum
523 635 626 706 aliquid
647 644 674 692 et
696 636 866 709 ultraquam
893 638 1011 693 bumaria
1027 645 1116 709 aqua
1131 639 1214 695 rideri
1231 644 1318 711 possit
1334 642 1368 700 ab
1382 641 1492 698 bomine
1511 641 1538 697 in
1560 641 1638 709 Sion,
1656 642 1686 698 id
1703 650 1746 701 εει
1760 646 1789 701 in
1802 644 1849 704 le·

227 738 327 785 natura
348 736 528 800 cognosceret
546 727 574 782 in
601 728 654 783 boc
672 727 732 798 ejtss
758 730 862 786 senrine
887 729 1010 785 futurum
1061 733 1191 798 ruralem,
1209 735 1374 799 relisuolis,
1389 734 1436 805 qui
1460 735 1735 804 respuiadoctriuam
1754 737 1849 794 Eccle-

228 820 379 881 intelleuit.
406 818 453 874 ubi
479 819 514 875 ad
541 834 647 876 serrum
676 835 756 875 tunm
781 820 900 890 loquitur
916 840 922 875 :
939 818 1011 876 Pone
1060 825 1253 880 sinetomnia
1267 827 1308 882 ris
1320 827 1493 896 interpretari
1507 827 1542 882 ad
1560 827 1678 883 litteram
1694 829 1847 886 seeundum

227 931 336 969 ananum
351 923 424 968 taatn
441 929 518 983 saper
536 913 731 984 [marottam.
747 925 772 968 tt
789 914 853 984 jura
867 929 912 982 per
927 913 1011 969 Deam
1060 923 1134 970 tuam
1150 913 1398 986 interpretationem
1412 917 1495 972 stabit
1510 917 1563 973 ista
1581 919 1727 975 sententia.

227 1005 286 1060 coeli
300 1005 376 1077 (Gen.
394 1009 478 1075 xxiv).
494 1005 564 1072 Quid
584 1006 637 1063 tibi
657 1007 713 1061 rult
734 1005 823 1062 lemur
843 1006 959 1062 Abrabae
976 1005 1011 1062 ad
1058 1027 1131 1084 pm
1143 1029 1171 1084 ὑ,
1182 1047 1261 1084 cm,
1275 1029 1350 1084 mro
1363 1029 1398 1083 „p
1415 1030 1518 1084 mmm
1533 1028 1672 1086 vadem&
1689 1029 1847 1102 mmm,

226 1097 313 1154 [leura
328 1097 410 1154 coelit
428 1096 474 1152 Vel
494 1114 554 1169 que
572 1098 690 1154 calista
709 1099 878 1169 comparatio
897 1097 1010 1156 semoris
1225 1102 1337 1155 rrrinilm
1352 1102 1480 1173 quomodo
1492 1111 1679 1170 apparuerunt.

224 1191 288 1259 ejus
297 1197 325 1246 ει
339 1188 403 1244 Dei?
414 1189 467 1245 nisi
480 1191 544 1260 quia
556 1205 603 1260 per
618 1205 721 1254 semen,
737 1189 763 1244 id
773 1197 817 1245 est
826 1204 936 1245 caruem
950 1191 1010 1261 ejus
1095 1192 1139 1248 l'l.
1160 1191 1288 1249 Testatur
1307 1193 1358 1248 boc
1369 1190 1454 1248 isaias
1468 1192 1590 1263 apertius
1601 1192 1647 1247 nbi
1664 1192 1717 1249 ait:
1736 1190 1848 1262 Propter

226 1280 444 1337 benedictionem
458 1282 534 1338 daret
547 1296 665 1352 superna
684 1281 823 1344 divinitas.
837 1289 931 1338 elnon
946 1290 1007 1338 tarr·
1058 1283 1108 1338 lroc
1119 1286 1182 1340 rciet
1196 1284 1306 1354 populus
1320 1301 1391 1339 meur
1405 1300 1497 1338 nomen
1511 1300 1596 1339 mentm
1611 1284 1639 1338 in
1652 1283 1695 1340 die
1707 1285 1768 1349 illc,
1782 1287 1845 1356 pain

225 1381 285 1428 tutu
299 1389 349 1444 per
361 1389 489 1437 carnem,
507 1374 555 1430 sed
567 1374 596 1428 in
606 1389 700 1437 carue,
715 1373 787 1428 sicut
807 1374 865 1444 ipse
880 1373 1009 1430 Dominus
1057 1377 1228 1448 coripienti
1250 1376 1374 1447 loquebar
1386 1393 1443 1432 ecte
1461 1375 1556 1434 adram
1571 1375 1640 1449 (lm.
1657 1378 1719 1450 tn).
1733 1377 1790 1436 lloc
1802 1385 1847 1434 eat

225 1463 266 1517 ait
282 1461 447 1518 :intrarint
462 1474 517 1521 tuo.
534 1461 566 1517 ln
584 1461 673 1526 lacae,
689 1462 796 1533 inaruit,
812 1461 947 1517 nocebitur
962 1461 1009 1517 tili
1058 1470 1105 1540 qui
1118 1469 1247 1540 loquebar
1262 1468 1291 1524 iu
1302 1469 1361 1540 lege
1374 1484 1423 1539 per
1436 1468 1547 1541 lloysen
1558 1480 1586 1527 et
1594 1470 1752 1542 propbetas,
1770 1485 1845 1527 nuuc

224 1573 312 1612 senten
324 1555 418 1627 (liele.
436 1557 482 1627 n);
498 1565 653 1612 nontamen
667 1555 725 1626 ipse
738 1553 814 1610 isaac
829 1554 894 1609 illud
904 1569 1007 1612 semen.
1058 1575 1109 1631 ego
1121 1560 1179 1630 ipse
1191 1575 1311 1630 praesens
1325 1576 1396 1616 sum.
1413 1559 1446 1615 m
1464 1570 1527 1632 post
1542 1565 1694 1619 modicum:
1713 1563 1796 1620 Ocelo
1809 1562 1847 1618 ud

223 1653 302 1715 Alius
316 1668 382 1723 ergo
392 1668 472 1723 quam
484 1650 560 1710 lsaac
570 1651 750 1722 requirendus
763 1658 815 1716 est,
829 1665 968 1722 perquem
981 1658 1010 1706 et
1058 1652 1163 1708 oculum
1173 1651 1372 1715 aldelmanum
1380 1653 1534 1709 conuerterit
1546 1653 1673 1709 Dominus
1682 1653 1747 1710 Sion
1757 1654 1847 1728 (ibid.)

224 1745 254 1801 iu
267 1759 323 1815 quo
346 1742 498 1799 benedictio
519 1743 646 1814 gentibus
669 1743 738 1798 mitti
761 1742 870 1799 debeat.
883 1741 951 1808 Quis
967 1748 1010 1798 εει
1058 1742 1130 1813 Quid
1145 1751 1187 1800 est
1199 1743 1280 1799 oculo
1294 1742 1329 1797 ad
1342 1744 1452 1799 oculum
1467 1744 1560 1801 videre
1575 1743 1721 1801 Dominum
1735 1761 1851 1803 romeu

224 1838 276 1896 itte
297 1843 390 1891 tantus
411 1851 442 1892 ae
459 1834 568 1892 talisde
583 1834 688 1892 semiue
703 1833 820 1890 Abrabae
839 1834 1007 1895 irasciturus.
1057 1843 1161 1892 tentem
1177 1833 1262 1890 Sion?
1283 1834 1353 1891 Num
1372 1835 1445 1892 [leus
1464 1844 1554 1906 potest
1579 1837 1607 1893 in
1633 1853 1684 1893 sua
1707 1838 1847 1896 divinitate

223 1946 366 2003 perquem
382 1939 409 1986 et
423 1931 450 1989 in
472 1945 526 2000 quo
540 1929 695 1985 benedictio
707 1926 859 1985 divinitatis
880 1927 1008 1983 universo
1058 1926 1131 1982 siem
1143 1936 1183 1984 εει
1198 1927 1283 1985 rideri
1298 1928 1333 1982 ab
1349 1926 1476 1984 bominel
1488 1927 1569 1984 Certe
1584 1929 1643 2000 lpse
1657 1932 1696 1985 ait
1712 1930 1746 1987 ad
1769 1931 1849 2005 llor-

223 2018 327 2073 mundo
338 2017 581 2088 retritgeattntimn
592 2019 758 2089 respondere
768 2033 822 2074 non
833 2015 1009 2090 poteris,nisi
1023 2009 1046 2064 Β
1059 2035 1125 2076 sen:
1150 2017 1211 2075 Non
1226 2019 1320 2076 ridebit
1333 2037 1374 2076 me
1390 2019 1467 2075 boort
1481 2030 1507 2077 et
1522 2024 1586 2076 uitet
1609 2021 1708 2093 (tant.
1725 2025 1803 2089 aar),
1818 2030 1849 2080 et

222 2110 300 2165 illurn
321 2124 400 2180 quem
421 2108 502 2165 liarid
518 2117 633 2166 testatur
656 2125 727 2176 esse,
743 2109 837 2167 dicens
856 2128 864 2166 a
882 2108 1008 2166 Dominae
1058 2123 1148 2169 tamen
1167 2112 1247 2168 oculo
1268 2113 1304 2169 ad
1330 2113 1438 2169 oculum
1453 2113 1587 2171 ridendus
1604 2131 1667 2172 esse
1690 2117 1851 2187 predicitur

221 2201 296 2257 dulit
318 2190 505 2272 'lenipnitutem
517 2201 605 2271 (Paci.
621 2201 744 2272 tantm).
766 2199 795 2258 Si
816 2201 845 2256 in
869 2216 952 2256 earne
975 2199 1009 2258 dt
1057 2207 1087 2261 iu
1103 2203 1254 2262 Jerusalem
1272 2220 1336 2261 cum
1358 2208 1607 2268 converteritcam.
1624 2207 1713 2265 Oculo
1725 2208 1759 2265 ad
1779 2224 1847 2266 ocu·

221 2301 307 2367 stirpe
328 2297 443 2350 Abrabae
458 2296 546 2350 danila
560 2303 602 2351 est
614 2296 723 2352 cunctis
734 2295 861 2367 gentibus
881 2295 1008 2351 benedic·
1057 2298 1114 2354 lum
1128 2297 1214 2354 videri
1224 2313 1278 2354 non
1292 2306 1381 2370 potest
1392 2299 1444 2357 nisi
1456 2300 1528 2371 quud
1545 2317 1645 2373 corpus
1655 2310 1713 2370 est;
1731 2310 1758 2358 et
1772 2302 1846 2374 quot

220 2392 276 2451 tio.
292 2396 320 2445 et
333 2403 387 2442 nou
401 2389 473 2444 alins
488 2390 524 2443 sit
539 2403 599 2444 eam
612 2387 729 2449 daturus
743 2403 826 2457 quam
844 2389 902 2459 ipse
916 2385 1009 2442 Domi·
1056 2405 1158 2462 corpus
1172 2400 1223 2455 est,
1238 2389 1336 2457 videri,
1351 2392 1447 2447 sentiri
1467 2401 1494 2449 et
1513 2394 1616 2464 palpari
1633 2402 1734 2465 potest.
1755 2393 1783 2449 Si
1798 2411 1847 2451 re-
1863 2442 1867 2451 .

220 2499 285 2546 nus.
295 2499 383 2554 neque
393 2499 458 2540 caro
469 2482 586 2540 Abraba
597 2485 657 2540 tine
672 2482 786 2540 Domino
797 2485 865 2540 inea
876 2492 1008 2554 praesente
1057 2498 1118 2538 rum
1140 2491 1182 2540 est
1194 2484 1272 2555 juxta
1297 2485 1456 2556 proplietam
1479 2486 1552 2558 quod
1573 2485 1703 2545 Doniinm
1715 2489 1796 2544 oculo
1810 2489 1845 2545 ad
1861 2541 1866 2554 ,

220 2590 280 2630 eant
302 2574 369 2630 dare
389 2576 508 2644 poterit,
530 2590 619 2645 neque
639 2573 786 2640 Dominus,
811 2582 841 2630 ut
855 2590 950 2630 rerum
971 2575 1008 2630 sit
1056 2575 1166 2631 oculum
1181 2576 1315 2632 ridendus
1330 2577 1366 2632 sit
1390 2579 1417 2633 in
1434 2577 1510 2644 Sion,
1533 2588 1561 2636 et
1584 2581 1643 2652 ipse
1668 2579 1799 2638 Dominus
1815 2582 1850 2639 ιι

220 2669 294 2739 quod
308 2667 450 2738 promisit,
466 2668 542 2724 dabit
564 2683 624 2723 eam
644 2667 698 2724 nisi
720 2683 842 2740 praesens
865 2669 894 2724 in
911 2682 1005 2734 carne,
1057 2683 1107 2723 tua
1122 2667 1264 2724 diuinitate
1281 2669 1315 2725 ab
1329 2669 1440 2727 bomine
1455 2673 1563 2727 mortali
1575 2673 1660 2728 rideri
1671 2688 1726 2729 uon
1742 2682 1843 2745 potest,

220 2760 286 2831 qrria
316 2761 398 2816 liomo
418 2760 544 2831 qrramris
570 2760 605 2815 de
632 2761 736 2816 semine
758 2760 875 2817 Abrabae
901 2776 950 2831 per
976 2776 1007 2817 εε
1055 2760 1209 2817 relaicrel
1232 2760 1548 2832 aliomodoridebitnr;
1564 2765 1611 2821 ted
1628 2766 1725 2822 nonin
1745 2767 1845 2822 uiant·

219 2850 437 2907 benedictionem
455 2851 576 2906 divinam
599 2852 707 2908 cunctis
724 2852 851 2924 gentibus
866 2853 932 2908 dare
951 2868 1005 2908 non
1056 2859 1122 2909 tate.
1138 2852 1210 2922 Ergo
1224 2854 1252 2908 in
1268 2869 1393 2925 corpore,
1412 2865 1439 2912 et
1457 2873 1512 2912 nou
1526 2857 1554 2912 in
1567 2858 1691 2929 quolibet
1704 2872 1785 2915 aereo
1801 2860 1844 2917 rel

219 2951 323 3014 posset.
342 2943 395 2999 uisi
410 2943 492 3005 [leus.
505 2943 551 3014 qni
566 2951 609 2999 est
631 2945 691 3015 ipsa
705 2945 870 3011 benedictio,
885 2959 1006 3015 praesens
1056 2945 1239 3016 phantastico,
1257 2946 1305 3002 sed
1320 2947 1450 3008 hunuano.
1466 2950 1594 3022 Angelos,
1611 2950 1708 3022 lnquit,
1723 2964 1794 3024 saepe
1806 2953 1845 3009 ri·

219 3035 344 3093 incarne
354 3045 486 3092 maneret.
499 3035 552 3091 Sed
566 3038 704 3107 utromodo
716 3038 788 3094 [leus
799 3045 827 3094 et
840 3037 952 3103 raro,id
963 3045 1006 3093 est
1055 3036 1155 3092 derunt
1180 3037 1286 3105 Patres,
1302 3057 1356 3096 non
1376 3049 1468 3097 tanuen
1494 3043 1569 3114 ipsos
1592 3044 1704 3114 angelos
1719 3043 1844 3101 buntiuca

218 3128 292 3185 Deus
311 3136 339 3184 ct
356 3128 455 3193 lromo,
479 3144 560 3184 uuam
578 3128 797 3186 benedictionem
820 3130 931 3194 darent,
952 3130 1005 3187 nisi
1055 3129 1177 3188 eiectos.
1199 3130 1255 3188 Nos
1278 3133 1329 3190 boc
1345 3149 1516 3208 nequaquam
1538 3151 1682 3207 negamus,
1696 3135 1744 3194 ted
1768 3133 1844 3193 allud

218 3221 420 3291 quodammodo
436 3237 520 3276 riuum
535 3221 649 3278 essent?
661 3220 759 3279 Nullus
772 3230 862 3293 potest
877 3223 1005 3279 universo
1054 3228 1098 3278 est
1109 3221 1234 3295 angelum
1260 3223 1292 3278 ad
1318 3223 1413 3279 borant
1432 3239 1548 3295 corpore
1569 3232 1710 3294 amurnpto
1732 3239 1765 3281 er
1780 3237 1846 3281 aero

218 3312 322 3367 mundo
334 3313 495 3369 benedicere
510 3313 564 3369 uisi
580 3313 662 3376 Beue.
677 3329 728 3369 nec
741 3315 821 3385 juxta
839 3317 1004 3385 promissum
1018 3350 1039 3407 c
1056 3321 1123 3367 nutu
1147 3321 1174 3369 et
1195 3315 1334 3372 vuluntate
1358 3315 1406 3370 Dei
1426 3330 1558 3387 apparere
1580 3315 1756 3402 bominibus,⁸
1769 3311 1845 3372 aliud

217 3403 264 3460 Dei
280 3405 360 3461 debet
371 3406 424 3461 nisi
440 3406 530 3462 bomo.
544 3406 615 3478 Ergo
629 3407 704 3463 dabit
719 3423 779 3463 earu
793 3406 865 3465 Deus
878 3410 969 3468 bomo.
1049 3405 1143 3473 ,ipsum
1155 3405 1298 3463 Doruinum
1308 3422 1356 3478 per
1365 3408 1511 3479 propbetas
1520 3408 1691 3477 praeentiam
1705 3408 1845 3477 propriant

183 3524 188 3535 ·
253 3496 298 3554 lli.
318 3496 352 3551 Et
366 3499 416 3553 hoc
427 3499 524 3569 probat
538 3501 659 3570 apertius
670 3501 697 3555 in
708 3500 872 3569 praecedenti
888 3503 1003 3570 psalmo,
1055 3500 1257 3568 promittentem
1288 3500 1324 3555 ad
1354 3500 1480 3557 effectum
1511 3503 1648 3572 promissa
1678 3498 1840 3570 perducere,

216 3585 329 3642 dicens:
340 3586 547 3642 benedictionem
557 3588 867 3660 dniitlepirlatorffml.
878 3593 1003 3663 tanain),
1053 3597 1081 3645 et
1096 3605 1250 3645 sermonem
1265 3606 1347 3662 opere
1363 3593 1485 3648 veritatis
1501 3593 1622 3664 implere.
1645 3589 1673 3646 Si
1691 3590 1779 3660 augeli
1794 3605 1843 3661 ap-

217 3679 270 3736 noe
282 3688 325 3736 est
339 3681 554 3739 benedictionem
565 3683 642 3739 dabit
656 3685 703 3753 qui
725 3685 1004 3757 regenerantium
1053 3689 1200 3749 ιιιιιιιθιιιιιι
1217 3682 1343 3748 aurate,
1360 3683 1419 3746 bol.
1437 3683 1531 3754 Moysi,
1558 3683 1653 3750 losue,
1676 3683 1786 3737 Balaam
1811 3689 1843 3738 et

217 3775 255 3829 rm
269 3777 371 3845 nutum
383 3792 444 3832 eam
459 3777 565 3832 dederit
580 3776 613 3832 ue
631 3779 733 3835 virtute
756 3779 782 3833 tn
798 3779 1004 3839 virtutemnon
1052 3770 1161 3838 manue,
1186 3788 1240 3827 non
1267 3782 1358 3832 umen
1376 3787 1564 3846 apparuerunt
1584 3777 1612 3831 in
1633 3789 1726 3839 caute.
1743 3773 1791 3830 seu
1811 3774 1842 3831 m

216 3877 259 3924 est
277 3869 311 3926 «ιε
334 3872 404 3925 bono
429 3885 476 3940 per
492 3870 619 3925 mandatu
641 3871 708 3942 legin
729 3871 824 3926 habito
845 3870 872 3925 in
894 3871 1001 3935 meiius,
1052 3874 1449 3937 corporeassumptoexaere.
1465 3867 1598 3924 Dominus
1613 3877 1772 3924 autemnon
1787 3866 1839 3925 sic.

216 3959 290 4027 nirod
305 3962 358 4016 erit
374 3963 432 4031 ipsa
448 3961 603 4018 benedictio
618 3977 700 4033 quam
714 3962 791 4017 dabit
807 3962 865 4034 ipse
880 3963 1003 4030 Derrspet
1053 3957 1187 4023 Quoniam
1211 3958 1234 4013 ti
1258 3966 1383 4013 creatura
1410 3969 1533 4016 sumatur
1546 3960 1581 4015 ab
1595 3961 1659 4025 alia,
1675 3965 1841 4031 praereptum

215 4051 278 4107 ideo
295 4052 329 4109 de
343 4054 444 4109 uirtute
468 4055 495 4109 in
519 4056 648 4110 virtutem
673 4053 773 4126 (ibid),
791 4054 818 4109 id
839 4065 883 4111 est
905 4070 920 4109 a
944 4055 1003 4127 lege
1052 4049 1094 4105 vel
1120 4051 1269 4120 promissio
1292 4051 1431 4110 Crantoris
1457 4060 1510 4110 est.
1528 4052 1588 4107 Non
1608 4053 1635 4108 id
1659 4053 1731 4124 qnod
1756 4051 1840 4109 semel

215 4145 287 4200 bona
302 4146 457 4200 transibunt
473 4147 500 4200 in
523 4147 638 4217 gratiam
654 4148 805 4211 meliorem,
819 4149 883 4218 quia
897 4147 1003 4203 ridebi—
1052 4145 1203 4200 assunritur
1223 4160 1330 4215 semper
1344 4145 1386 4203 sic
1407 4156 1509 4213 manet,
1524 4145 1571 4201 setl
1587 4146 1621 4200 ad
1647 4146 1757 4212 bornm3
1778 4145 1841 4216 quia

215 4246 261 4293 tur
271 4237 330 4309 ipse
343 4237 414 4294 [leus
425 4238 538 4294 deornm
548 4239 636 4309 (ibid.)
647 4241 734 4297 oculis
748 4242 839 4296 carnis
850 4249 876 4296 ει
890 4248 1001 4312 aspectu
1051 4252 1139 4307 neque
1154 4239 1266 4310 angelus
1282 4254 1340 4304 aer,
1355 4223 1442 4310 neque
1457 4254 1504 4294 aer
1527 4235 1640 4310 angelus
1655 4254 1717 4296 esse
1730 4246 1841 4310 potest:

214 4344 349 4400 corporeo
364 4331 392 4384 in
408 4329 484 4394 Sion,
502 4331 554 4387 hoc
574 4341 617 4388 est
637 4333 665 4387 in
685 4333 744 4403 ipsa
768 4332 878 4388 civitate
891 4331 1003 4387 Jerusa·
1051 4332 1124 4402 qrrod
1139 4348 1204 4386 reru
1225 4330 1311 4388 abeo
1334 4331 1499 4397 assumitur,
1523 4329 1596 4392 Deua
1617 4338 1680 4400 est;
1693 4333 1758 4405 quia
1772 4333 1840 4393 nibil

214 4421 279 4477 lem.
295 4417 358 4476 llaec
370 4438 405 4477 eo
419 4438 500 4477 sensu
516 4424 632 4480 dicimus
645 4440 700 4495 quo
724 4432 770 4479 tua
793 4432 836 4481 est
854 4425 1002 4481 refellenda
1051 4420 1079 4474 in
1094 4419 1150 4476 Deo
1163 4421 1235 4492 quod
1252 4422 1355 4477 nonsit
1370 4420 1453 4477 Deus.
1824 4408 1829 4419 ’

213 4512 339 4584 pertidia,
365 4530 419 4569 non
441 4530 496 4585 quo
522 4519 671 4573 auctoritas
692 4516 820 4573 Ecclesiae
835 4516 999 4572 roboranda.
1051 4531 1121 4592 fleu,
1143 4533 1253 4594 visibili,
1275 4521 1461 4604 amram„
1476 4534 1562 4604 903„st
1576 4536 1630 4592 „5”-
1651 4536 1679 4592 ἡ,
1698 4554 1776 4593 ΝΜ
1789 4539 1839 4594 pm,

216 4602 302 4657 litest
312 4604 540 4659 considerandum
556 4607 686 4663 attentius
700 4608 762 4678 quis
776 4607 811 4663 sit
825 4607 893 4662 ordo
906 4609 1001 4663 verbo·
1399 4621 1489 4663 matra.

214 4708 287 4749 rum.
302 4692 367 4748 Post
382 4693 465 4762 legem
480 4694 570 4749 datam
583 4696 796 4751 benedictionem
806 4711 868 4752 esse
882 4696 999 4751 dandam
1017 4695 1038 4750 u
1087 4697 1131 4751 l8.
1151 4695 1219 4752 Cum
1236 4696 1329 4767 itaquo
1345 4694 1417 4753 lleus
1431 4713 1461 4753 se
1476 4698 1611 4754 risibilem
1626 4699 1698 4755 inter
1713 4699 1838 4760 homines

214 4783 341 4850 affirmat,
358 4801 503 4856 perquam
522 4787 560 4841 illi
575 4788 719 4858 proficiant
731 4789 764 4843 de
775 4791 846 4844 bono
861 4791 888 4844 in
904 4789 1002 4844 melius
1051 4798 1196 4847 venturum
1221 4806 1282 4846 esse
1307 4789 1461 4859 promittat,
1478 4805 1571 4862 qrrmro
1597 4807 1611 4845 a
1628 4799 1655 4848 te
1679 4802 1770 4848 ntrum
1790 4810 1839 4868 per

214 4879 261 4950 qui
276 4878 362 4934 visuri
377 4889 441 4934 strnt
465 4880 553 4951 ipsum
571 4880 655 4936 ileum
674 4881 702 4941 iu
726 4881 888 4939 Jerusalem.
907 4881 999 4938 Virtn·
1051 4880 1211 4935 rationalem
1226 4896 1261 4934 an
1276 4879 1459 4935 irrationalem
1474 4888 1628 4936 creaturam
1640 4883 1773 4941 ridendus
1787 4883 1839 4941 siti

213 4972 271 5027 trud
287 4972 339 5025 alia
364 4974 499 5042 superior,
516 4974 569 5027 alia
588 4972 708 5029 inlerior.
723 4975 793 5030 Num
807 4978 871 5046 quia
886 4975 957 5032 brus
972 4990 1002 5033 se
1050 4973 1109 5029 Non
1124 4991 1154 5030 es
1172 4980 1256 5028 tante
1270 4973 1415 5029 dementiae
1433 4982 1461 5028 ut
1480 4974 1557 5030 dicas
1572 4975 1647 5030 illum
1668 4977 1715 5049 qui
1731 4994 1838 5036 summa

211 5063 360 5120 videndum
375 5067 509 5135 promittit
534 5066 561 5120 in
576 5074 660 5129 terra,
675 5065 736 5122 ideo
750 5067 789 5120 illi
811 5067 858 5137 qui
880 5083 942 5123 eum
956 5068 1000 5123 ri·
1050 5067 1122 5121 ratio
1143 5066 1228 5122 estin
1250 5080 1279 5122 se
1300 5064 1402 5136 aliquid
1419 5064 1576 5123 irrationale
1593 5083 1744 5126 assunrere.
1765 5067 1839 5125 luter

211 5157 271 5216 suri
289 5164 354 5213 suut
366 5156 443 5212 ibunt
456 5159 639 5227 de·superiori
656 5158 689 5213 ad
713 5157 886 5214 inferiorem?
898 5175 1001 5232 nequa·
1050 5173 1145 5213 unines
1158 5163 1298 5213 creaturas
1312 5156 1380 5210 nihil
1396 5157 1528 5213 rationale
1547 5157 1601 5214 nisi
1621 5159 1701 5215 bomo
1714 5166 1740 5215 et
1754 5174 1837 5231 attge-

212 5264 312 5320 ‹pnam;
331 5249 379 5305 setl
394 5248 511 5304 debono
531 5249 565 5304 ad
581 5250 730 5313 meliorem,
752 5249 805 5305 boc
826 5260 868 5307 est
886 5251 919 5306 de
943 5253 1000 5323 lege
1051 5252 1109 5318 lus3
1123 5260 1150 5307 ct
1163 5251 1293 5321 quoniam
1311 5250 1424 5320 angelus
1439 5248 1553 5319 spiritus
1567 5250 1714 5306 invisibilis
1733 5258 1785 5313 est.
1801 5250 1837 5308 ab

212 5341 247 5403 td
271 5341 399 5411 gratiam,
414 5342 438 5397 εἰ
464 5341 509 5396 ille
531 5343 578 5412 qui
603 5327 778 5412 legem‘dedil
799 5344 840 5400 rel
862 5344 1001 5417 legislator
1049 5342 1358 5412 omuirationepeuitus
1372 5349 1414 5397 εει
1429 5342 1559 5408 alienum,
1575 5341 1659 5398 Deum
1672 5342 1836 5398 invisibilem

210 5433 430 5491 benedictionem
449 5434 535 5493 dabit.
558 5443 585 5490 et
608 5434 670 5489 irleo
692 5434 756 5489 ituri
779 5444 843 5492 snut
866 5439 944 5494 electi
966 5440 1000 5494 de
1050 5454 1098 5509 per
1112 5437 1184 5493 aliud
1201 5435 1338 5491 invisibile
1349 5435 1483 5491 risibilem
1507 5433 1652 5491 affirmare.
1666 5433 1736 5502 Quid
1752 5432 1838 5507 ergo?

210 5525 314 5580 rirtute
333 5526 361 5581 in
386 5528 523 5591 virtutem,
549 5527 632 5591 unde,
656 5527 699 5584 rel
723 5541 788 5599 qno,
812 5529 865 5585 nisi
886 5530 920 5586 de
941 5533 1000 5602 lege
1048 5531 1091 5584 rel
1109 5529 1225 5585 risibilis
1240 5526 1381 5599 apparebit
1406 5526 1434 5583 in
1458 5526 1579 5590 homine,
1599 5527 1640 5582 tel
1661 5542 1717 5581 non
1736 5523 1836 5599 poterit

211 5619 290 5688 prius
304 5620 368 5675 data
393 5621 420 5677 in
442 5621 657 5679 benedictionem
679 5627 741 5694 post
764 5623 849 5695 legem
865 5623 1000 5680 dandam?
1048 5622 1129 5678 oculo
1143 5622 1175 5676 ad
1193 5622 1301 5677 oculum
1318 5621 1416 5685 rideri,
1428 5618 1506 5689 irrata
1518 5618 1589 5690 quod
1604 5619 1736 5690 propbeta
1754 5619 1788 5675 de
1801 5632 1836 5677 eo

212 5705 267 5765 set
281 5716 309 5765 et
329 5725 441 5766 earrsam
466 5728 517 5767 cur
532 5711 577 5768 liat
601 5713 658 5769 bac
672 5713 788 5768 mutatio
807 5713 924 5771 dextere
946 5713 999 5770 Ex·
1048 5712 1179 5768 dirinitus
1195 5711 1345 5782 inspiratus
1365 5709 1492 5766 asseruit.
1512 5708 1541 5764 si
1557 5723 1670 5765 necesse
1692 5716 1733 5765 est
1749 5706 1835 5767 Deum

211 5801 294 5865 celsi,
326 5812 526 5875 consequenter
555 5804 684 5862 adnectit.
720 5803 879 5869 vitemur,
899 5804 996 5875 inquit,
1047 5804 1134 5861 rideri
1150 5803 1348 5876 perhuminem
1364 5810 1499 5858 utsermo
1515 5801 1836 5873 prophetarumimplea-
1860 5849 1863 5859 ,

211 5891 283 5951 lictu
298 5896 405 5953 deorum
427 5901 454 5954 in
470 5896 543 5956 Sion.
559 5897 629 5956 Eece
649 5900 714 5973 qnid
727 5900 763 5956 nit
784 5899 830 5955 illa
846 5899 998 5957 benedictio
1034 5893 1104 5963 tur,
1120 5911 1176 5954 uon
1194 5904 1275 5953 erunt
1289 5895 1382 5967 utiquc
1396 5894 1467 5958 due,
1486 5894 1533 5950 scd
1556 5908 1610 5949 una
1631 5908 1748 5967 persona
1762 5892 1834 5952 [lens

212 5987 352 6053 mcriirio
365 5992 461 6047 melior
474 5998 499 6047 rt
515 5992 572 6068 ingr
587 5988 762 6051 inactuotior.
778 5990 839 6071 ipsa
852 5988 898 6053 bri
915 5991 996 6060 risio,
1048 5997 1073 6046 ct
1089 5989 1183 6052 bomo.
1197 5986 1250 6052 Sed
1267 5987 1388 6068 uunquid
1412 5985 1480 6050 Sion
1498 5988 1685 6059 dicetlromol
1696 5980 1846 6063 poteritne.
