4350 6709
272 482 326 542 m
800 468 972 527 bistones
990 465 1034 521 BE
1051 464 1118 521 asti
1138 460 1362 521 tubnattttttt.
1845 461 1898 519 950

272 603 348 658 mina
365 610 416 654 ree
431 593 503 652 renti
520 592 655 649 treantes
669 587 768 644 cadere
782 585 897 655 iaciunt,
912 584 975 656 quia
995 584 1057 641 lun·
1072 588 1096 646 Α
1109 590 1199 639 tntum
1212 582 1325 637 domum
1337 576 1487 650 impingere
1497 582 1625 647 mesum,
1634 574 1699 647 qula
1707 574 1830 633 omnium
1841 548 1904 633 ten-¹

275 692 371 746 datura
381 684 632 756 cstsaprallrmam
646 686 762 752 petram.
871 694 873 698 ·
1115 673 1247 726 tatianum
1263 682 1373 740 genera,
1398 665 1526 721 urrircrsa
1549 665 1677 719 uitiorum
1703 671 1827 722 monstra
1841 665 1899 721 ele·

308 777 381 847 Quid
395 778 468 833 enim
480 775 570 845 pluria
582 772 635 827 uisi
651 768 875 841 concupiscentia
891 766 1061 837 intelligitur,
1113 772 1220 818 ctorum
1242 767 1361 816 mentem
1386 773 1451 813 rera
1477 764 1505 812 et
1528 755 1660 837 perlecta
1673 756 1823 813 stabilitate
1849 771 1900 813 suo

274 886 359 944 aqua
384 868 501 939 quisque
516 872 647 928 tentatur,
659 877 720 933 quae
740 861 843 917 sensim
862 859 981 931 rigorem
995 856 1058 912 iidei
1112 852 1229 909 creatori
1245 852 1427 907 adhaerentem
1455 848 1564 918 pulsare
1591 847 1635 901 rel
1658 854 1765 901 tentare
1783 851 1898 917 queunt,

273 961 388 1028 enrollit,
404 966 431 1016 et
446 959 474 1014 in
491 955 678 1027 voluptatibus
693 952 813 1007 diffleure
825 949 910 1007 iaciti
927 947 999 1016 Quid
1010 946 1061 1002 ilu-
1114 940 1163 999 sed
1174 956 1284 997 morere
1294 941 1336 996 rel
1351 952 1451 995 nocere
1465 945 1615 1009 nequeunt,
1630 938 1695 1009 quia
1723 937 1834 992 lundata
1856 944 1900 993 est

274 1041 882 1115 ruina,nisiomniumritiorumtorreus,ad
901 1039 1063 1096 nroueudam
1114 1047 1197 1104 supra
1211 1040 1327 1102 petram,
1345 1030 1371 1085 id
1390 1037 1539 1086 estseram
1569 1029 1660 1094 iidem,
1675 1043 1751 1099 spem
1767 1036 1793 1085 et
1805 1029 1899 1084 clrari·

274 1142 333 1199 sire
344 1139 538 1197 destruendam
552 1138 623 1191 bane
635 1137 763 1190 virtuosae
775 1133 932 1188 stabilitatis
951 1132 1061 1186 domum
1113 1133 1195 1181 tatem
1211 1126 1254 1180 sui
1269 1124 1416 1190 truncaris,
1430 1138 1510 1195 quam
1523 1122 1614 1187 iidem,
1627 1136 1707 1191 quam
1718 1136 1805 1191 spem,
1817 1132 1900 1189 quam

275 1229 473 1301 conglobatus?
483 1226 553 1293 Quid
563 1226 647 1291 renti,¹
662 1222 902 1292 nisimalignorum
915 1221 1061 1291 spirituum
1114 1215 1274 1271 charitatem
1289 1216 1386 1286 gignit,
1399 1215 1485 1271 nutrit
1503 1222 1530 1269 et
1541 1212 1660 1268 custodit
1680 1212 1708 1267 in
1722 1211 1827 1267 nobisa
1844 1208 1901 1268 lieu

275 1321 392 1377 consilia
403 1332 542 1390 perram,
555 1331 616 1388 qnae
626 1331 675 1387 per
694 1315 898 1370 sensualitatem
914 1312 967 1392 sibi
981 1310 1062 1366 lami·
1113 1304 1765 1362 nobistantumdonumuirinnmbeosuuintmae
1773 1303 1898 1359 rationis.

275 1410 370 1467 liarem
380 1410 554 1481 pedisequam
580 1405 689 1477 spiritui
705 1405 841 1468 limuinis,
856 1418 937 1473 quem
952 1415 1063 1471 perier·
1115 1394 1231 1466 Explicit
1247 1398 1353 1453 illerde
1363 1398 1492 1479 corporis,
1512 1412 1635 1451 sensurum
1656 1404 1682 1453 et
1692 1395 1784 1449 mentis
1795 1394 1903 1449 statili-

276 1502 334 1551 tere
344 1496 504 1560 moliuntur,
519 1496 578 1550 sine
592 1493 794 1548 intermissione
808 1492 967 1547 insibilant?
1150 1476 1203 1522 ¹⁰¹²
1214 1469 1240 1521 ΙΙ
1256 1479 1388 1523 ”imiimi
1390 1486 1414 1522 ¹⁰
1442 1467 1581 1537 Telifiioe
1605 1482 1659 1522 mr.
1686 1464 1749 1521 illl·
1776 1464 1898 1521 nimii·

312 1585 450 1643 'mm
460 1601 525 1657 ΙΙΙΙ0
539 1585 646 1656 manin,
665 1582 787 1649 ssuttriua,
801 1584 873 1639 renti
888 1585 915 1637 in
932 1581 1064 1638 banerir·
1149 1554 1218 1592 ΜΟ
1233 1538 1310 1593 ¹⁴⁴²·

369 1715 435 1728 -ι-

551 1832 990 1949 anunm
1028 1830 1639 1945 nummulorum

807 2004 870 2079 Qui
893 2003 978 2065 circa
999 2003 1154 2066 seculum
1170 2019 1217 2062 ιιι
1238 2000 1366 2079 scripsit
1456 2056 1458 2061 ,
1619 2040 1622 2045 -

519 2131 878 2270 unisonus
920 2146 1012 2259 un
1056 2145 1191 2260 usu
1226 2145 1676 2291 vuunrrnruu

419 2334 501 2399 Neam
524 2333 551 2395 is
576 2332 611 2393 ln
631 2328 750 2406 Requln
774 2327 807 2387 S.
833 2322 994 2385 Benedicti
1021 2322 1182 2384 cenobitis
1207 2324 1345 2403 [ortibus
1380 2333 1410 2387 et
1437 2327 1523 2388 sanis
1541 2325 1683 2393 indultus
1709 2332 1763 2396 rit.

530 2504 533 2510 ,
598 2450 641 2520 (ΙΙ,
663 2448 742 2504 Beru.
760 2444 868 2510 Beatus,
890 2443 1040 2498 Thesaurus
1055 2441 1195 2509 ainardus,
1209 2452 1229 2499 t.
1246 2441 1278 2509 ll,
1295 2452 1373 2515 parte
1388 2460 1424 2511 n,
1439 2445 1492 2503 col.
1509 2445 1584 2519 otu.)

936 2659 1251 2753 monitum.

319 2890 387 2948 Cum
402 2882 593 2943 sanctissimus
606 2879 745 2951 legislator
755 2886 849 2934 noster
869 2875 978 2948 Begnlre
993 2893 1049 2933 sure
1063 2879 1152 2950 capite
1166 2878 1210 2941 59,
1225 2884 1329 2933 certum
1341 2877 1485 2946 quemdam
1496 2918 1504 2943 ,
1517 2879 1564 2950 qui
1579 2893 1595 2934 a
1611 2881 1753 2940 monacbis
1770 2884 1830 2941 suis
1842 2899 1903 2957 per·

282 2968 366 3033 petuo
380 2958 407 3012 iu
421 2956 482 3010 cibo
496 2961 523 3009 et
538 2959 603 3022 potu
614 2957 780 3011 seruaretur,
802 2948 924 3011 niodum,
939 2955 966 3003 et
980 2949 1134 3004 eduliorum
1155 2963 1253 3018 genera
1267 2948 1345 3001 rellnt
1356 2946 1522 3014 describere,
1537 2949 1580 3005 lris
1595 2958 1656 3020 post
1679 2952 1802 3022 quaedam
1814 2956 1905 3019 ceritis

283 3038 418 3085 estasim
435 3023 564 3079 Carnium
584 3037 643 3075 nero
675 3016 855 3087 uadrupedum
875 3017 981 3071 urrurrinu
1007 3018 1039 3070 al
1059 3018 1180 3072 omnibns
1195 3018 1360 3071 abstineatur
1375 3018 1509 3075 concertio.
1535 3030 1631 3085 penten
1649 3021 1864 3080 nnnninndenitgg
1881 3035 1906 3081 ,g

284 3109 408 3169 auratos.
419 3095 485 3161 Quae
495 3092 566 3148 beati
580 3038 718 3145 Benedicti
729 3088 863 3143 sententia
879 3087 1038 3143 incredibile
1050 3094 1110 3152 est,
1124 3094 1280 3157 quantarua
1296 3086 1392 3155 primis
1407 3087 1462 3142 lere
1474 3087 1579 3143 ordinis
1593 3092 1634 3146 sui
1648 3093 1756 3149 suculis
1770 3108 1857 3163 usqne
1871 3096 1906 3151 nal

282 3176 391 3225 aetamm
411 3172 534 3220 nostram
557 3159 715 3231 opinionum
741 3157 1119 3296 diuersitaterlrlregencrarerit,
1142 3157 1203 3211 aliis
1214 3155 1442 3223 existimantibus,
1456 3164 1489 3211 eb
1509 3159 1627 3229 regulari
1650 3163 1761 3219 decreto
1781 3164 1906 3221 carnium

284 3236 455 3295 :eluumrndo
468 3229 678 3304 quadrupedum,
695 3243 749 3282 uon
766 3228 858 3282 itidem
872 3227 897 3280 bi
955 3242 999 3280 nrm
1027 3234 1054 3281 ct
1072 3227 1219 3282 volatilium
1234 3241 1282 3279 esu
1307 3227 1450 3282 monacbis
1474 3227 1620 3295 interdici;
1637 3232 1700 3287 allis
1721 3240 1818 3287 contra
1834 3234 1907 3290 ailir·

284 3302 566 3366 mantibus,omnium
581 3301 707 3355 urrirerse
717 3297 841 3353 carnium
852 3297 1048 3352 enrrrestiouem
1063 3312 1095 3351 ea
1111 3295 1253 3351 monacbis
1264 3296 1321 3365 lege
1336 3297 1484 3366 probiberi.
1494 3295 1624 3354 Rationes
1671 3301 1752 3367 rtium
1763 3303 1809 3371 qui
1821 3319 1905 3361 nosse

284 3375 459 3436 desiderant,
474 3373 574 3426 adeant
594 3369 792 3439 amplissimum
809 3366 838 3420 P.
855 3364 989 3427 Edrnundi
1007 3366 1128 3422 llartene
1151 3365 1376 3420 commentarium
1392 3367 1419 3420 in
1445 3364 1575 3437 llcgulam
1591 3367 1620 3423 S.
1675 3370 1793 3433 nedicti,
1810 3372 1856 3427 ubi
1871 3375 1907 3429 ad

283 3451 367 3516 eaput
382 3442 416 3498 59
444 3456 476 3497 ea
491 3440 525 3495 dc
541 3455 570 3494 re
595 3438 731 3495 currrulatc
756 3437 895 3506 disputat„
909 3444 936 3491 ct
950 3436 1057 3506 singrria
1073 3436 1249 3492 defensurum
1263 3450 1328 3490 esus
1350 3435 1498 3490 volatilium
1515 3437 1588 3493 dieta
1603 3448 1737 3495 recenset.
1755 3438 1852 3496 (intruis
1871 3460 1907 3500 eo
1926 3492 1932 3497 .

284 3512 412 3570 recidunt
429 3529 435 3565 :
452 3511 482 3565 δ’.
497 3507 671 3565 Benedictum
686 3522 741 3561 non
757 3506 908 3561 sinccausa
923 3513 949 3559 et
961 3509 1067 3560 ratione
1081 3507 1141 3561 locu
1151 3506 1237 3559 citato
1251 3519 1349 3559 carnes
1361 3504 1559 3575 quadrupedum
1574 3510 1755 3577 expressisse,
1771 3526 1826 3566 non
1837 3528 1908 3582 quo·

285 3595 457 3651 runrcrmque
477 3578 653 3642 animalium
668 3578 760 3646 itaque
777 3580 930 3630 vescentem
944 3574 1100 3630 volatilibus
1115 3576 1144 3630 S.
1159 3574 1306 3630 Benedicta
1322 3589 1493 3645 nequaquam
1508 3576 1659 3632 aduersari.
1676 3576 1749 3635 ldem
1765 3574 1908 3640 monacbis

286 3654 314 3707 iu
332 3652 450 3708 correilio
463 3647 678 3720 Aquisgranensi
698 3645 837 3700 liuderico
848 3642 895 3698 Pio
908 3643 1072 3713 imperatore
1086 3646 1218 3700 indultam
1230 3643 1326 3700 luisse.
1340 3641 1499 3699 Generalem
1515 3648 1714 3703 cenobitarum
1730 3653 1907 3707 connsuetudi-

285 3738 348 3779 nem
363 3731 390 3777 ct
404 3720 577 3790 prelatorum
595 3716 828 3787 dispensationem
840 3713 976 3782 'ejusmodi
990 3713 1137 3785 aucupium
1155 3714 1258 3768 licitum
1273 3713 1382 3769 iecisse.
1395 3712 1517 3785 Denique
1534 3716 1662 3785 liquidam
1678 3735 1734 3773 erre
1754 3727 1808 3773 tam
1821 3722 1907 3788 pisces

303 3808 365 3846 saun
379 3792 495 3844 uolucres
511 3804 544 3843 ca
568 3788 643 3857 aquis
658 3795 807 3855 procreatos
830 3782 925 3837 lairere
942 3800 1051 3854 corpora
1066 3783 1183 3853 ejusdem
1196 3795 1309 3847 natura,
1328 3800 1373 3837 nec
1388 3794 1490 3838 tantum
1502 3785 1552 3839 airu
1564 3784 1687 3842 lranranis
1704 3789 1856 3857 corporibus
1871 3794 1907 3847 ad

285 3809 475 3915 quacioiendum
490 3873 582 3911 carnes
593 3856 739 3910 volatilium
751 3856 912 3915 ministrare,
920 3863 1047 3924 quantam
1058 3870 1150 3909 carues
1163 3854 1326 3907 trimetriam
1337 3855 1522 3919 animantium,
1538 3871 1596 3927 quc
1610 3873 1668 3909 cunr
1678 3860 1776 3912 nemeis
1791 3864 1907 3928 corpori·

285 3930 335 3985 lar
353 3928 470 4000 ejusdem
492 3938 596 3983 aatsroe
610 3927 675 3990 sirit,
691 3932 721 3980 ut
736 3924 914 3980 ratiocinatur
935 3923 1032 3981 Petrus
1044 3923 1203 3981 Abaeiardus
1219 3923 1338 3992 Enposit.
1353 3925 1381 3977 in
1397 3922 1511 3980 lleaam
1541 3926 1612 3994 apud
1625 3925 1776 3982 llarteuum
1792 3927 1819 3983 in
1837 3929 1905 3986 lire·

285 4016 367 4057 saara
392 4015 457 4053 nunu
469 3998 662 4051 duecdotorum
683 4003 749 4051 torn.
763 3993 797 4056 ll,
814 3994 866 4047 col.
885 3993 963 4048 ¹588.
980 3993 1035 4049 llas
1056 4010 1151 4049 onmes
1166 3995 1288 4063 aliasque
1305 3996 1396 4064 plures
1410 3994 1579 4050 ratiunculas
1592 3996 1682 4053 calide
1697 3996 1795 4052 reielllt
1808 4008 1907 4057 auctor

285 4070 369 4153 lustjus
383 4067 495 4138 dialogi,
522 4066 745 4135 dernenstrntquc
760 4063 864 4118 nullum
880 4080 974 4117 sanum
988 4073 1012 4117 et
1034 4064 1160 4118 culerrtem
1185 4063 1341 4117 annoticum
1363 4073 1409 4116 aut
1429 4063 1578 4119 volatilibus
1590 4066 1667 4128 nesci,
1684 4076 1730 4120 aut
1747 4069 1841 4137 samua
1854 4072 1906 4137 sil,

285 4156 350 4206 quart
365 4138 470 4208 nepeta
488 4136 517 4192 S.
535 4135 668 4190 Benedicti
681 4134 869 4203 praemiantur
891 4134 998 4188 existat.
1012 4132 1092 4200 Quod
1116 4134 1138 4190 si
1154 4134 1197 4189 cui
1219 4135 1306 4189 nostri
1325 4134 1455 4203 temporis
1476 4136 1618 4190 coenobiue
1630 4137 1809 4206 displicuerit,
1821 4154 1908 4211 eaque

287 4217 399 4280 propter
412 4209 436 4262 is
458 4222 554 4288 parum
567 4206 742 4277 prudentera
758 4204 838 4258 nobis
862 4202 964 4257 lactum
985 4204 1135 4267 censuerit,
1154 4203 1227 4274 qubd
1247 4203 1382 4274 ejusmodi
1405 4204 1512 4259 libellos
1526 4208 1733 4275 protulerimus,
1759 4207 1907 4279 inquibus

287 4278 469 4349 receptissimi
484 4277 573 4332 aetatis
587 4282 687 4331 nostrae
699 4289 789 4329 rueres
800 4281 827 4329 et
844 4273 1040 4344 uulgatissinuu
1055 4275 1270 4330 consuetudines
1285 4274 1521 4344 reprehendantur
1538 4295 1544 4330 :
1568 4276 1591 4332 is
1609 4278 1722 4347 cogitet,
1738 4293 1789 4333 uos
1804 4281 1907 4335 nemini

288 4346 385 4420 legem
397 4346 522 4417 adquam
533 4346 617 4402 uitam
632 4344 722 4414 exigat
733 4382 741 4407 ,
754 4342 941 4413 praescribere,
958 4344 1006 4398 sed
1021 4344 1165 4399 ostendere
1180 4343 1379 4409 tnrnunuuodo,
1394 4345 1440 4415 qui
1461 4348 1550 4400 sancti
1562 4345 1607 4401 Dei
1625 4347 1750 4403 lrouriues
1762 4348 1796 4403 de
1808 4348 1908 4419 buius·

288 4416 362 4472 modi
377 4417 459 4473 rebus
476 4414 703 4478 existimaverint,
720 4414 850 4468 uoluisse.
865 4412 1042 4494 Superiorum
1057 4413 1111 4468 crit
1126 4414 1280 4482 expendere
1291 4421 1414 4469 ueterum
1430 4413 1504 4467 dicta
1518 4422 1545 4468 et
1564 4422 1712 4479 momenta,
1730 4417 1910 4491 quotidieque

287 4487 406 4557 amplius
420 4488 526 4551 conari,
549 4492 580 4540 ut
597 4499 629 4538 ea
652 4482 765 4553 liegula,
790 4483 835 4536 rui
861 4492 888 4536 et
907 4484 958 4551 ipsi
970 4491 997 4537 et
1010 4482 1137 4537 monachi
1153 4490 1218 4536 sunt
1241 4482 1368 4548 subjecti,
1385 4496 1439 4535 nou
1455 4483 1606 4537 seeundum
1632 4484 1707 4540 laxas
1722 4490 1908 4544 recentiorum

288 4556 539 4627 interpretationes.
556 4553 604 4611 sed
616 4554 767 4608 seruandum
780 4553 850 4607 scita
863 4552 995 4620 rrraJoruru
1011 4559 1039 4605 et
1052 4551 1177 4607 doctrina
1193 4551 1392 4620 sanctitateque
1412 4550 1652 4608 celeberrimorum
1670 4554 1811 4611 bominum
1824 4574 1907 4613 usnam

288 4626 568 4696 consuetudinemque
581 4631 714 4678 serretur.
731 4621 771 4675 Ad
790 4622 846 4676 baec
868 4634 1011 4691 seruperue
1032 4622 1066 4675 ad
1086 4621 1155 4675 ollas
1173 4621 1296 4676 carnium
1321 4619 1488 4690 serlcbinrus,
1504 4636 1521 4675 o
1535 4622 1617 4677 burri?
1638 4622 1785 4693 Serrrperue
1812 4627 1908 4687 surdis

288 4696 371 4750 ueluti
387 4695 500 4751 auribus
522 4693 589 4749 adeo
608 4693 763 4762 perspicua,
779 4700 806 4746 et
818 4689 937 4746 saluluin
949 4690 1116 4744 sanctissimi
1132 4688 1222 4743 Putris
1236 4689 1323 4743 nostri
1335 4690 1444 4746 decreta
1459 4691 1493 4746 dc
1513 4690 1674 4760 abjiciendis
1693 4694 1823 4751 carnibus
1847 4712 1908 4752 rrae·

288 4765 452 4821 teribimusi
466 4764 581 4819 Nullane
595 4776 658 4830 spes
674 4762 804 4831 supersit,
822 4762 849 4814 in
860 4768 936 4814 tarrta
948 4761 1164 4815 necessariarum
1181 4759 1440 4827 currumudartunque
1450 4775 1541 4815 rernm
1556 4761 1635 4831 copia
1646 4768 1762 4817 ueterem
1778 4764 1840 4819 trist
1852 4767 1905 4821 ssi·

288 4848 416 4905 mamque
430 4834 560 4889 carnibus
583 4832 738 4886 abstinendi
764 4830 988 4886 cousuetudinem
1014 4828 1213 4898 recuperandi?
1236 4828 1329 4884 Liceat
1356 4829 1436 4884 uobis
1463 4830 1514 4885 boc
1537 4831 1599 4886 loco
1625 4833 1716 4887 uerbis
1733 4830 1908 4890 Venerabilis

288 4901 374 4971 Petri,
386 4904 480 4975 quanti
508 4903 575 4958 riri!
592 4901 629 4955 nti
643 4902 689 4956 lile.
703 4918 740 4963 rr,
756 4902 836 4970 epist.
853 4899 884 4953 lu
900 4899 978 4967 lintius
995 4900 1105 4968 capituli
1120 4900 1164 4967 rou
1181 4897 1288 4967 llegulae
1313 4897 1341 4953 S.
1357 4898 1506 4971 Benedicti)
1527 4903 1710 4969 prevaricatio
1767 4920 1784 4958 a
1803 4903 1909 4961 ratione

288 4975 478 5028 manentum?
492 4972 551 5038 Qua
566 4987 647 5024 cuasa
665 4979 787 5039 serperet
803 4971 909 5039 inteqris
923 4967 1022 5023 uiribus
1037 4968 1179 5022 rrrunaclms
1192 4968 1316 5023 curtillus
1328 4978 1402 5023 utens
1415 4987 1472 5024 reus
1485 4986 1535 5023 rma
1548 4986 1604 5025 esse
1618 4982 1735 5026 monstra
1754 4974 1829 5030 ituri
1844 4974 1908 5039 ure,

306 5059 388 5111 uaso,
403 5046 426 5098 si
435 5043 498 5114 quid
506 5041 596 5105 dales,
607 5050 632 5094 et
648 5039 695 5112 [si]
710 5041 799 5109 aliqua
814 5041 922 5093 mearet
937 5039 1086 5093 cerisirnilis
1110 5039 1179 5093 ratio
1191 5047 1240 5100 est,
1257 5040 1346 5093 cureris
1361 5039 1417 5103 tibi,
1430 5041 1454 5093 si
1466 5051 1538 5108 potes
1551 5040 1666 5098 uindico.
1679 5039 1740 5096 lion
1751 5042 1840 5107 unies,
1852 5060 1907 5101 rrum

288 5059 379 5175 zuber,
395 5117 513 5183 inquam,
525 5121 553 5164 at
570 5111 683 5175 restium,
699 5109 760 5180 quad
773 5111 847 5162 airus
856 5124 866 5171 ,·
881 5126 931 5162 non
945 5108 1024 5163 itales
1039 5110 1126 5177 plane,
1146 5109 1216 5162 uude
1228 5109 1338 5177 perjurii
1353 5125 1466 5173 nuumn,
1486 5128 1517 5164 ne
1529 5111 1627 5176 dicam,
1643 5127 1740 5166 aarum
1753 5127 1879 5183 eapsrqee
1895 5128 1906 5166 ε

288 5182 377 5237 airiat
444 5182 501 5245 ala,
515 5179 671 5235 counradiait
680 5180 799 5247 justitia.
816 5179 878 5232 llnc
886 5179 1077 5234 sanctissimus
1089 5179 1174 5233 abbas
1189 5178 1388 5235 cluniacensis.
1403 5178 1483 5234 Plura
1499 5180 1527 5235 iu
1542 5182 1614 5237 bane
1627 5198 1683 5238 reru
1696 5183 1750 5236 aliu
1762 5183 1824 5237 luco
1860 5198 1906 5236 ro·

289 5250 420 5308 letemus.
446 5252 543 5307 nterim
558 5250 599 5303 rel
616 5251 691 5304 sulus
712 5248 754 5302 iric
769 5247 906 5318 Dialogus,
928 5264 1008 5317 quem
1035 5263 1109 5302 rrurrc
1125 5248 1225 5317 publici
1249 5247 1320 5316 juris
1341 5248 1466 5309 iacimus.
1483 5250 1551 5306 riris
1570 5251 1750 5307 accuratioris
1772 5198 1909 5323 regalius

288 5320 469 5377 observantiae
488 5321 619 5376 studiosis
633 5320 666 5373 ad
683 5318 812 5371 imitanda
824 5319 954 5388 praeclara
972 5324 1091 5372 ueterum
1108 5318 1232 5387 exempla
1247 5324 1290 5370 sat
1302 5318 1404 5371 stinrnli
1424 5318 1513 5375 addet.
1537 5319 1603 5375 llum
1623 5337 1657 5377 er
1681 5320 1823 5377 codicibus
1835 5336 1905 5379 mss.

287 5389 459 5447 bibliothecae
473 5390 662 5446 Gemniccnsis
673 5396 699 5443 ct
718 5387 881 5443 llellicensis
895 5395 1080 5442 trecentorum
1091 5403 1225 5442 annnorum
1250 5387 1358 5444 dzuuus.
1374 5390 1451 5445 Alius
1466 5392 1583 5461 ins'gnis
1597 5390 1790 5446 nrerubraueua
1804 5392 1906 5454 eudes,

288 5459 415 5517 ducentis
430 5462 541 5517 circiter
557 5460 637 5514 antris
651 5459 789 5528 antiquior
802 5465 890 5513 exstat
909 5458 936 5512 in
951 5457 1113 5512 bibliotlreca
1126 5456 1320 5522 Gottuimmsi,
1345 5475 1408 5515 cum
1422 5476 1476 5529 quo
1490 5470 1581 5517 tarrren
1592 5460 1627 5516 ob
1640 5459 1719 5515 triste
1736 5460 1907 5524 incendium,

308 5546 344 5585 uo
358 5538 445 5586 totum
456 5530 652 5585 monasterium
667 5528 854 5599 conflagravit,
870 5538 896 5582 et
912 5542 1083 5582 conunuuem
1096 5527 1159 5582 inde
1175 5542 1265 5580 rerum
1280 5529 1524 5597 perturbationem,
1539 5538 1661 5585 nostrum
1676 5530 1824 5585 editionem
1838 5546 1910 5586 corr-

288 5546 361 5655 ?erre
371 5616 426 5655 nou
440 5601 526 5654 licuit.
540 5598 624 5654 Porro
635 5598 696 5669 tpuis
712 5598 844 5669 elegantis
856 5595 986 5668 0pusculi
1003 5607 1099 5650 auctor
1114 5598 1204 5657 lurcrlt.
1222 5597 1344 5652 diuinare
1359 5601 1479 5653 inondum
1494 5600 1643 5667 potuimus.
1659 5598 1796 5669 Suspicati
1809 5614 1911 5655 strutus

288 5669 447 5739 aliquandiu
468 5669 615 5725 lionorium
640 5670 914 5740 burgrrstudunensem
939 5682 1010 5726 esse.
1027 5675 1056 5721 ut
1073 5667 1118 5720 eui
1134 5666 1266 5721 t'aruiliarc
1279 5668 1372 5731 luerit,
1398 5677 1588 5739 urgrrruentuau
1615 5670 1773 5740 scriptionis
1797 5670 1910 5738 dialogo

287 5752 436 5809 exponere,
452 5740 479 5793 iu
507 5755 542 5795 uo
555 5740 658 5794 interra
677 5749 703 5793 ct
718 5737 880 5809 Biscipuias,
896 5735 1025 5807 llaqister
1038 5736 1210 5806 respondent.
1225 5737 1364 5791 innueret
1374 5739 1456 5791 ctiam
1470 5746 1537 5794 aetas
1550 5739 1679 5796 bominis.
1692 5737 1760 5795 llum
1774 5756 1838 5795 rum
1853 5739 1905 5795 sub

288 5806 371 5863 duem
384 5810 476 5879 operis
488 5757 612 5880 &tegorii
630 5756 694 5872 vll,
711 5809 786 5864 uuilo
807 5815 898 5861 alutem
919 5808 979 5861 loco
995 5804 1144 5859 lnrrrrcentii
1161 5804 1204 5866 ΙΙΙ,
1217 5802 1328 5861 llorrorii
1341 5805 1384 5869 ΙΙΙ,
1400 5816 1448 5861 aut
1462 5806 1587 5878 Gregorii
1603 5806 1649 5874 tx,
1664 5824 1781 5863 euorrtm
1798 5808 1832 5864 de
1854 5814 1909 5864 eiu

288 5880 414 5935 carnium
436 5879 656 5946 constitutiones,
674 5880 779 5934 auctori
797 5886 891 5933 nostro
917 5891 1045 5947 perquam
1061 5875 1211 5931 rorrtnmdue
1227 5876 1389 5930 accidissent
1412 5877 1578 5945 meminerit,
1609 5826 1788 5936 virdunum
1805 5887 1908 5951 potes.
