4350 6709
351 581 405 638 sos
962 573 1117 629 euenum
1138 571 1274 626 secum
1293 572 1348 623 ιιι.
1452 532 1463 547 ’
1517 538 1530 543 ”
1924 566 1976 621 ιιι

351 717 411 754 mea
432 696 505 762 eius,
532 693 658 749 Velociter
681 691 766 763 spolia
780 691 895 753 detrahe,
920 689 978 746 Cito
1000 689 1137 760 praetura,
1153 703 1175 756 y
1190 701 1253 741 scus
1266 685 1470 739 subverteretur
1481 682 1521 739 rel
1534 690 1597 740 ante
1610 685 1815 741 subversionem
1831 672 1974 744 Saruar'iar.

351 792 413 862 qaia
437 796 574 857 arrhqaam
594 786 660 838 sciat
684 799 748 852 paor
771 800 862 837 rorare
885 792 985 850 putrem
1010 797 1086 834 suma
1112 786 1136 832 et
1189 774 1257 829 Dum
1280 782 1425 845 utrumque
1447 790 1501 828 uno
1526 785 1648 848 tompore
1670 775 1754 834 luisse
1777 778 1896 848 probare
1920 794 1977 835 nou

351 890 462 935 matrem
477 893 564 940 raam,
581 874 715 944 arctaretur
730 872 858 942 fortitudo
872 871 998 925 Druiasei
1013 880 1037 924 et
1051 869 1137 938 spolia
1186 867 1308 936 possint,
1332 866 1448 938 probent
1474 867 1550 937 prius
1574 869 1710 940 quomodo
1730 868 1831 936 inians,
1846 884 1929 942 quem
1943 884 1977 927 oo

317 1020 321 1027 ,
351 968 485 1025 Samaria
501 982 591 1019 corma
616 980 674 1034 repe
694 963 864 1033 Assyriorum
883 960 982 1032 (raith.
994 957 1137 1025 Quomodo
1187 964 1310 1028 tempore
1323 963 1417 1012 natum
1430 972 1491 1014 esse
1509 959 1611 1026 volunt,
1627 959 1830 1016 asubvcrsione
1846 958 1977 1018 Damasci

349 1059 402 1117 ista
417 1061 451 1115 dc
466 1057 625 1113 Emmanuel
640 1058 694 1111 lilio
704 1056 780 1112 isaiae
791 1057 862 1110 dieta
876 1062 950 1121 sunt,
967 1070 1028 1108 cum
1038 1059 1065 1108 et
1079 1052 1137 1123 ipse
1186 1061 1236 1116 per
1246 1047 1339 1118 viginti
1355 1062 1441 1103 annos
1456 1055 1483 1104 et
1497 1060 1579 1120 supra
1605 1066 1692 1121 usque
1716 1051 1749 1107 ad
1766 1051 1976 1135 subversionem

349 1159 433 1206 natus
445 1152 481 1206 sit
492 1157 638 1219 antequam
653 1149 710 1204 baec
731 1147 861 1219 propheta
880 1146 1056 1218 praediceret?
1067 1143 1135 1199 Nam
1188 1137 1319 1195 Samariae
1342 1154 1448 1213 semper
1462 1142 1579 1212 elinguis
1593 1143 1692 1210 luerit,
1706 1153 1733 1200 et
1754 1144 1915 1203 discernere
1926 1162 1977 1203 ne·

350 1242 391 1299 sic
408 1243 525 1313 legitur:
540 1240 575 1294 Et
586 1239 654 1293 dicit
669 1240 797 1294 hauriam
814 1238 848 1292 ad
864 1237 964 1293 isaiam
980 1254 989 1292 .·
1006 1235 1136 1307 Eyredere
1187 1233 1280 1288 scierit
1296 1234 1367 1289 inter
1380 1234 1480 1289 bonum
1494 1239 1521 1289 ci
1536 1235 1653 1304 malum;
1673 1236 1808 1308 simulque
1824 1238 1977 1294 ostendant

350 1335 378 1389 ia
394 1323 531 1389 accersam
543 1331 634 1386 Achae
649 1341 676 1385 ur
689 1341 713 1385 et
730 1330 815 1385 iacui
831 1330 902 1400 filias
926 1344 985 1383 rura
1004 1329 1049 1398 qai
1062 1327 1137 1381 dere·
1186 1326 1221 1381 tle
1234 1341 1289 1397 quo
1304 1325 1406 1380 dietum
1423 1326 1470 1382 sit.
1486 1327 1558 1398 quod
1572 1335 1634 1398 post
1648 1342 1735 1398 pauca
1758 1329 1893 1400 propbeta
1909 1330 1977 1387 sub·

351 1426 429 1480 lictae
440 1433 478 1478 ert
491 1423 561 1496 (ira.
576 1423 637 1492 ιιι).
654 1421 706 1489 Qui
720 1421 805 1478 iasub
827 1423 889 1478 ideo
907 1422 1053 1477 derelictus
1066 1419 1137 1475 dici·
1185 1417 1286 1490 jungit.
1307 1418 1353 1474 uhi
1363 1419 1494 1475 describit
1508 1421 1657 1476 exercitum
1670 1422 1848 1494 Assyriorum
1862 1424 1978 1480 venien·

350 1526 406 1581 tur,
427 1517 491 1589 quia
505 1516 591 1571 irater
604 1515 664 1586 ejus
679 1515 712 1570 do
726 1530 780 1585 quo
796 1528 971 1569 nunesermo
984 1520 1043 1575 est,
1057 1511 1135 1581 juxta
1186 1514 1241 1564 tem
1265 1517 1361 1565 contra
1386 1509 1552 1578 Jerusalem,
1579 1512 1697 1568 dicens:
1721 1511 1758 1567 tta
1783 1514 1834 1569 erit
1856 1516 1976 1570 cruneio

349 1612 513 1667 seruientium
528 1609 684 1665 iudaeorum
704 1607 809 1680 iuycrat
821 1607 855 1662 ad
871 1604 1015 1678 Assyrios,
1030 1612 1057 1661 et
1073 1619 1136 1676 pro·
1186 1598 1291 1655 alarum
1306 1602 1363 1672 ey'rs
1374 1603 1483 1672 impleus
1500 1603 1665 1658 latitudinem
1681 1615 1767 1672 terrae,
1783 1622 1799 1659 a
1813 1605 1977 1661 Emmanuel

349 1702 457 1758 diderat
479 1702 520 1758 eis
541 1711 645 1772 partem
660 1700 790 1755 civitatis.
805 1698 838 1752 Et
858 1697 932 1752 luruc
956 1697 1136 1752 diruut'csse
1187 1691 1285 1764 (iiia).
1298 1691 1367 1748 Num
1389 1692 1548 1751 Emmanuel
1569 1711 1650 1766 quem
1669 1695 1764 1752 dicunt
1785 1697 1873 1753 illium
1897 1697 1976 1756 isaiae

350 1791 510 1863 Rapsacen,
524 1790 572 1862 qui
585 1791 693 1846 locutus
707 1799 749 1846 est
767 1788 901 1844 liebraice
914 1788 947 1842 ari
964 1802 1012 1842 cos
1029 1785 1075 1857 qui
1092 1801 1137 1842 se·
1186 1782 1282 1850 tuisse,
1298 1793 1382 1840 totam
1401 1784 1522 1842 Judaeum
1538 1788 1673 1844 obtinuit?
1686 1788 1782 1846 Nullus
1798 1806 1896 1864 regum
1910 1790 1976 1848 iim·

349 1882 451 1936 debant
466 1897 548 1952 super
562 1897 669 1935 murum
682 1878 790 1950 quando
800 1878 936 1934 exercitus
950 1876 1135 1933 Sennacherib
1186 1881 1295 1934 manuel
1310 1878 1400 1936 dietus
1414 1887 1465 1937 est.
1483 1879 1551 1948 Quis
1575 1897 1641 1954 ergo
1664 1890 1706 1939 cst
1724 1884 1767 1939 cui
1786 1885 1921 1957 propheta
1934 1887 1976 1944 lo·

349 1972 494 2028 obsederat
518 1970 680 2027 ierusalem.
709 1968 763 2026 Sed
788 1969 867 2025 iidem
888 1968 1021 2024 dictorum
1048 1967 1091 2023 iris
1104 1981 1135 2021 va
1186 1972 1290 2041 quitur,
1306 1972 1379 2042 quod
1394 1973 1518 2028 extensio
1535 1973 1639 2028 alarum
1651 1975 1723 2047 regis
1734 1977 1852 2049 Assyrii,
1864 1977 1975 2037 hocest

348 2062 449 2134 quibus
475 2061 548 2116 dicta
574 2067 638 2116 surh
653 2060 890 2130 derelinquentes,
912 2059 1059 2130 probemus
1079 2073 1134 2112 non
1148 2052 1173 2113 B
1187 2061 1334 2116 multitudo
1349 2063 1485 2120 exercitus
1501 2062 1584 2130 illius,
1598 2072 1683 2121 totam
1696 2074 1797 2123 terram
1811 2067 1976 2126 Emmanue-

348 2153 474 2208 eumdem
492 2169 553 2208 esse
573 2153 657 2207 illium
679 2150 769 2216 isaiae,
785 2166 866 2222 quem
887 2150 933 2205 hic
954 2149 1086 2221 propheta
1102 2147 1136 2204 de
1186 2151 1220 2208 lis
1246 2153 1371 2224 operiat?
1393 2153 1477 2210 Terra
1501 2155 1579 2225 ejus,
1605 2155 1748 2228 inquiunt,
1771 2159 1846 2215 dicta
1863 2167 1917 2229 est,
1941 2177 1975 2218 eo

349 2246 455 2316 virgine
469 2246 639 2300 nasciturum
656 2244 780 2299 affirmat.
794 2243 871 2298 Patet
891 2243 999 2297 cunctis
1016 2241 1063 2312 qui
1084 2254 1135 2294 no·
1185 2242 1259 2315 quod
1275 2243 1303 2298 in
1314 2258 1345 2299 ea
1359 2253 1442 2300 natus
1456 2255 1507 2303 est.
1525 2244 1553 2300 Si
1569 2247 1620 2303 hoc
1643 2248 1677 2304 de
1697 2256 1762 2304 nato
1782 2250 1840 2320 jam
1862 2249 1975 2308 Emma-

347 2345 448 2392 vcruut
459 2321 615 2400 historiam,
636 2335 709 2408 quod
736 2335 789 2391 sub
811 2351 874 2406 reye
894 2335 984 2388 Achae
1011 2331 1135 2388 ascendit
1185 2332 1265 2387 nuele
1290 2331 1346 2387 illio
1374 2332 1451 2390 isaiae
1471 2335 1584 2401 dieunt,
1606 2336 1784 2395 salsissimum
1807 2348 1869 2409 est;
1891 2342 1917 2398 si
1941 2342 1975 2399 de

350 2427 577 2501 'ieyiapiralassar
600 2444 647 2484 rar
674 2428 849 2499 Assyriorum
866 2427 892 2480 in
918 2424 1092 2488 iiarnascum,
1108 2430 1135 2478 ct
1185 2424 1325 2479 irascituro
1338 2423 1460 2496 Virginis
1471 2427 1536 2492 filio,
1552 2429 1725 2484 verissimum
1747 2437 1828 2502 atque
1847 2431 1975 2490 firmissi-

348 2525 466 2577 vastavit
475 2536 547 2588 eaur,
561 2528 589 2575 et
598 2521 738 2576 transtulit
750 2519 916 2574 habitatores
926 2517 986 2586 ejus
999 2519 1133 2588 ilyrerreu,
1185 2529 1259 2568 rnrrm
1274 2525 1326 2571 cst.
1343 2514 1438 2572 Omnis
1450 2519 1523 2573 enirn
1543 2519 1663 2575 mundus
1678 2521 1738 2592 ejus
1761 2520 1810 2577 luit
1826 2530 1974 2594 antequam

348 2623 375 2670 ct
387 2612 472 2670 liasin
488 2613 634 2670 interiecit.
651 2611 721 2667 ilinc
736 2610 822 2666 iudaei
845 2614 1034 2681 argumentum
1056 2621 1135 2662 assu·
1184 2614 1355 2675 nasceretur,
1378 2607 1425 2663 sed
1443 2606 1536 2664 iudaea
1554 2611 1664 2681 proprie
1685 2612 1745 2680 ejvs
1764 2619 1837 2667 terra
1858 2613 1973 2681 dicitur,

349 2714 438 2771 rnurrt,
454 2713 481 2760 et
496 2707 531 2760 ab
549 2704 725 2760 Emmanuele
738 2709 882 2758 transeunt
897 2702 930 2756 ad
946 2700 1040 2755 nescio
1052 2713 1133 2769 quem
1185 2697 1248 2768 quia
1264 2698 1293 2753 in
1313 2715 1345 2754 ea
1358 2699 1517 2756 nasciturus
1527 2709 1596 2766 erat,
1608 2703 1672 2773 quia
1687 2703 1808 2759 iuturmn
1823 2714 1883 2760 erat
1897 2706 1971 2776 quod

349 2797 434 2851 lilium
448 2797 558 2852 tertium
570 2794 656 2860 isaiae,
669 2810 749 2866 quem
770 2794 958 2865 prophetissa.
976 2798 1004 2845 ut
1019 2789 1070 2860 ipsi
1091 2803 1135 2844 as·
1185 2790 1223 2845 ait
1237 2791 1370 2862 propheta
1389 2807 1396 2844 ε
1417 2792 1552 2863 Concipiet
1568 2803 1592 2848 et
1613 2795 1698 2862 pariet
1719 2795 1803 2865 {iliam
1824 2795 1894 2866 (isa.
1909 2795 1972 2866 vn),

349 2896 455 2954 serunt,
467 2887 545 2955 y’uxta
556 2887 693 2957 prophetae
705 2901 859 2942 serumncm
873 2883 998 2954 concepit
1013 2891 1040 2938 et
1053 2897 1134 2952 pepe·
1184 2892 1212 2938 et
1225 2883 1258 2938 de
1271 2886 1408 2954 praeterito
1424 2901 1595 2957 nequaquam
1606 2887 1677 2942 valet
1689 2888 1812 2959 intelligi.
1831 2888 1975 2962 Simulque

349 2980 395 3044 rit,
411 2987 438 3036 et
461 2997 561 3036 nornen
586 2980 716 3050 imposuit
743 2979 802 3034 Cito
825 2979 962 3048 praetera·
987 2986 1014 3034 et
1039 2979 1133 3032 dieunt
1184 2977 1334 3033 notandum
1360 2979 1432 3050 quod
1455 2986 1557 3035 terram
1573 2980 1647 3036 iilius
1667 2988 1745 3037 vocet
1759 2990 1907 3054 antequam
1926 2983 1973 3038 irat

348 3081 493 3141 antequam
511 3071 565 3138 ille,
581 3071 627 3142 qui
641 3072 693 3127 suu
704 3086 766 3142 rege
777 3071 868 3125 Achae
883 3080 964 3126 uatus
981 3078 1032 3132 est.
1050 3071 1134 3126 sciret
1183 3065 1284 3135 homo,
1305 3079 1334 3125 ut
1358 3072 1507 3142 potentiam
1536 3072 1645 3130 deitatis
1670 3074 1731 3144 ejus
1756 3075 1890 3142 insinuet,
1918 3068 1973 3148 qlra

349 3178 447 3219 rorare
471 3170 575 3232 patrem
598 3171 625 3218 et
648 3170 773 3230 matrem,
797 3163 870 3233 quod
891 3179 938 3218 rex
958 3163 1133 3235 Assyriorum
1184 3173 1284 3219 cuncta
1300 3165 1369 3234 regit
1384 3170 1414 3219 ut
1427 3163 1509 3229 ileos,
1523 3167 1569 3236 qui
1584 3176 1626 3221 est
1639 3167 1672 3222 de
1685 3166 1797 3238 Virgine
1811 3169 1973 3225 nasciturus

348 3252 511 3310 llamascmn
527 3255 682 3311 vastaverit.
699 3253 751 3310 Sed
772 3270 875 3325 quaeso,
894 3263 924 3309 ut
941 3254 1131 3325 respondeant,
1184 3265 1215 3311 ut
1229 3256 1319 3312 homo.
1333 3255 1411 3323 Quod
1434 3256 1456 3314 si
1475 3259 1603 3314 onmibus
1625 3259 1712 3315 modis
1736 3259 1860 3315 obtinere
1877 3263 1974 3317 volue-

347 3347 484 3418 quomodo
509 3347 595 3417 spolia
629 3346 759 3402 Samariae
786 3347 855 3403 idern
881 3362 929 3403 rex
956 3347 1132 3419 Assyriorum
1184 3348 1250 3412 rint,
1263 3349 1334 3419 quod
1350 3348 1434 3405 isaias
1450 3349 1522 3404 hunc
1536 3348 1739 3406 Emmanuelem
1753 3349 1787 3407 de
1797 3351 1973 3422 prophetissa

348 3439 503 3505 abstulerit,
520 3445 666 3510 autequam
682 3438 829 3510 praedictus
848 3455 916 3510 puer
934 3449 1040 3509 tempus
1055 3409 1167 3512 eqre·C
1185 3437 1321 3507 yenuerit,
1334 3438 1449 3493 audiant
1463 3437 1536 3509 quod
1548 3439 1593 3495 iile
1606 3441 1652 3511 qui
1668 3450 1749 3498 natus
1765 3436 1863 3507 luit,'si
1878 3452 1972 3499 tamen

348 3530 460 3587 deretur
474 3529 613 3596 infantiae,
629 3547 691 3586 eum
707 3530 881 3587 manifestum
902 3531 955 3595 sit,
969 3532 1042 3603 quod
1054 3540 1132 3588 sexto
1183 3528 1284 3600 aliquis
1298 3528 1359 3596 init,
1384 3531 1419 3586 sit
1446 3540 1559 3588 vocatus
1575 3547 1590 3586 a
1606 3531 1719 3589 Domino
1738 3532 1868 3589 Velociter
1887 3535 1973 3605 spotia

349 3637 422 3679 anno
436 3623 513 3694 regni
523 3621 646 3679 Ezechiae
661 3623 785 3682 Samaria
798 3625 928 3681 subversa
945 3625 981 3679 sit
995 3639 1011 3678 a
1026 3623 1132 3679 Salma-
1182 3618 1327 3687 datrolrere,
1350 3622 1401 3675 cito
1417 3622 1538 3692 praedare
1556 3623 1624 3695 (ira.
1642 3624 1702 3698 vu).
1723 3623 1974 3698 Respondeantque

347 3727 432 3769 nasar
445 3729 509 3784 rege
518 3712 706 3786 Assyriorum,
724 3722 871 3787 utrumque
885 3715 983 3771 debere
1002 3715 1133 3787 compleri
1182 3712 1319 3782 qrromodo
1331 3714 1463 3785 propheta
1477 3731 1531 3771 non
1545 3717 1654 3772 erubuit
1666 3732 1757 3773 eoram
1772 3717 1881 3774 duobus
1894 3718 1972 3775 lesti-

347 3815 492 3879 antequam
508 3823 576 3878 puer
588 3823 685 3864 vocare
701 3809 783 3864 sciret
793 3819 899 3880 patrem
913 3817 940 3865 et
959 3817 1072 3865 matrem
1087 3824 1132 3866 as·
1182 3806 1245 3871 bus,
1263 3813 1293 3862 ut
1304 3808 1470 3878 conciperet,
1487 3811 1520 3865 ad
1538 3812 1735 3882 prophetissam
1760 3810 1916 3868 accedere?
1926 3810 1971 3869 Sic

347 3901 450 3965 seruit,
470 3900 517 3971 qui
538 3899 576 3954 ait
597 3916 604 3952 ε
619 3900 767 3972 Antequam
782 3902 850 3956 sciat
864 3917 928 3971 porr
951 3901 1005 3958 haec
1026 3911 1050 3956 et
1071 3902 1131 3970 iiia,
1182 3897 1324 3953 enimait:
1341 3898 1375 3952 Er
1386 3899 1495 3954 adhiiai
1505 3901 1568 3954 milri
1581 3901 1766 3972 testeayideles,
1783 3900 1971 3958 tirtamsacer·

347 3992 482 4062 auferetur
495 3991 623 4061 fortitudo
648 3991 774 4046 Drnrasei
794 4002 818 4046 et
840 3994 927 4064 spotia
942 3991 1074 4049 Sacraria
1088 4010 1133 4046 co·
1182 3989 1268 4044 dotem
1284 4000 1308 4044 et
1324 3989 1485 4046 Zachariam
1507 3992 1593 4062 filium
1611 3994 1758 4060 iiurorhia,
1779 4003 1804 4049 et
1820 3997 1922 4051 accessi
1936 3993 1972 4050 od

347 4099 406 4136 ram
420 4099 478 4152 repe
492 4084 661 4153 Assyrioram
676 4081 745 4154 (isa.
765 4085 835 4156 viu).
851 4084 905 4139 Aut
923 4085 1060 4156 quomodo
1080 4086 1133 4141 sub
1182 4080 1383 4150 propitium,
1410 4092 1436 4136 θ’
1459 4084 1573 4145 wicred
1589 4093 1613 4138 el
1636 4086 1734 4153 peperit
1756 4084 1843 4154 filiam
1866 4085 1969 4157 (ibid).

347 4188 405 4229 uuo
429 4174 593 4243 completum
615 4189 677 4230 esse
699 4175 854 4245 probabunt
872 4175 944 4247 quod
960 4177 1013 4232 sab
1025 4177 1132 4233 duobus
1182 4172 1319 4244 Coganms
1331 4189 1390 4236 cos.
1401 4175 1485 4230 velint
1502 4175 1598 4241 nolint,
1615 4186 1644 4230 ut
1660 4175 1796 4232 fateantur
1807 4178 1969 4249 prophetam

346 4264 458 4335 regibus
474 4271 564 4318 actum
586 4264 644 4319 est?
658 4264 826 4336 Quocunque
850 4279 921 4322 auno
943 4267 1024 4338 ceant,
1041 4267 1131 4322 Achae
1182 4271 1279 4318 corrtra
1300 4264 1385 4335 legem
1405 4264 1505 4336 egisse,
1522 4265 1628 4321 dicente
1645 4265 1754 4338 bloyse:
1768 4265 1970 4336 Turpitadineur

347 4338 498 4410 itamascus
518 4368 533 4408 a
548 4353 774 4426 Teglaphaiassur
795 4358 925 4413 subversa
944 4359 990 4421 sit.
1006 4359 1072 4413 illud
1088 4367 1132 4413 ta-
1183 4356 1273 4409 uroris
1293 4366 1346 4410 tare
1358 4373 1410 4410 aaa
1431 4355 1555 4411 revelabis
1571 4356 1643 4429 (iau.
1660 4358 1749 4428 xviri),
1764 4359 1812 4429 qui
1836 4358 1909 4416 duos
1923 4357 1970 4414 ad·

348 4461 411 4501 men
433 4454 528 4501 notum
551 4455 604 4511 est,
629 4448 701 4517 quod
721 4459 798 4504 sexto
817 4464 889 4503 anno
912 4450 989 4522 regui
1009 4449 1133 4506 Ezeclrire
1181 4462 1242 4503 esse
1256 4450 1343 4519 coegit
1358 4449 1402 4503 uhi
1425 4463 1486 4502 rum
1506 4464 1590 4504 uxore
1604 4449 1711 4504 coierit.
1723 4449 1819 4507 Testes
1840 4465 1904 4508 esse
1916 4467 1969 4507 aon

348 4535 472 4594 Samaria
497 4554 512 4592 a
537 4538 723 4602 Sulruanasar.
740 4556 802 4612 rege
826 4542 1012 4614 Assyriorum,
1026 4550 1132 4599 vastata
1182 4548 1296 4610 possent
1309 4541 1363 4595 nisi
1379 4541 1512 4598 vidissent
1534 4542 1577 4596 vel
1599 4543 1740 4599 audissent
1756 4560 1817 4615 quae
1834 4547 1969 4617 propheta

346 4641 398 4687 est.
416 4630 485 4696 Etsi
496 4633 584 4703 primo
595 4647 667 4688 anno
679 4635 754 4704 reyni
767 4633 857 4689 Aehaz
869 4634 978 4705 quando
990 4636 1047 4690 iraec
1058 4635 1131 4690 elicta
1182 4630 1303 4687 ferisset.
1322 4631 1375 4688 Sed
1389 4633 1459 4688 absit
1474 4633 1526 4689 iroc
1544 4648 1559 4688 a
1572 4642 1668 4690 saneto
1681 4636 1749 4700 viro,
1764 4644 1795 4691 ut
1808 4637 1915 4706 aliquid
1929 4639 1968 4693 iu·

346 4734 410 4780 sunt
424 4733 571 4795 corrccptus
584 4733 610 4780 ot
623 4734 705 4782 natus
718 4732 760 4781 est
780 4741 858 4796 puer,
877 4726 930 4781 hoc
948 4726 1020 4781 enim
1036 4727 1131 4782 rolmrt
1182 4721 1327 4778 honesturn
1346 4724 1392 4779 vel
1409 4733 1511 4780 sanetae
1527 4725 1578 4797 legi
1595 4727 1762 4781 contrarium
1778 4729 1874 4799 egerit.
1894 4729 1968 4786 Desi-

345 4812 450 4878 iudaei,
466 4813 539 4885 quod
565 4817 657 4870 statim
673 4818 789 4872 accessit
812 4816 845 4871 ad
867 4819 1077 4889 prophetissam,
1104 4825 1131 4873 et
1182 4821 1249 4869 nant
1264 4831 1331 4884 erqo
1345 4830 1400 4870 non
1416 4817 1507 4873 minus
1518 4819 1601 4873 stulte
1615 4833 1696 4888 quam
1709 4819 1836 4889 imperite
1851 4821 1966 4892 propbe-

346 4906 482 4975 concepit,
498 4913 526 4959 et
539 4907 644 4977 peperit
659 4906 755 4973 illiurrr,
778 4919 804 4964 et
823 4910 930 4964 vocarit
950 4924 1048 4965 nomen
1070 4908 1131 4979 ejus
1182 4902 1410 4961 tiamdeChristo
1430 4905 1531 4962 reterre
1544 4907 1578 4961 ad
1599 4906 1743 4961 Ezechiam
1762 4907 1806 4963 vel
1828 4908 1862 4964 ad
1884 4908 1969 4963 [thum

351 4995 577 5064 Velociterapolia
595 4996 780 5063 detrahente
800 4998 931 5069 praedare,
947 4999 990 5055 vei
1010 5006 1039 5054 ul
1060 4999 1132 5054 mui·
1181 4993 1268 5060 isaiae,
1282 5013 1344 5055 curn
1368 5006 1494 5053 nevrtrum
1519 5001 1555 5055 sit
1576 4999 1727 5070 probabile.
1740 4997 1813 5056 Satis
1833 4999 1909 5056 enisu
1923 5016 1967 5073 ap·

346 5095 403 5142 tum
420 5088 466 5155 sit,
479 5090 560 5143 tertio
570 5091 612 5145 vel
626 5100 724 5161 quarto
738 5091 876 5161 quomodo
896 5093 1018 5148 nescitur
1032 5107 1132 5148 vocare
1181 5098 1299 5158 paretes
1314 5090 1510 5160 superioribus,
1523 5092 1596 5162 quod
1606 5092 1694 5163 magis
1707 5092 1863 5148 innituntur
1873 5101 1969 5165 aperto

345 5187 449 5254 patrem
475 5189 502 5236 et
528 5189 642 5238 ntairem
664 5184 709 5254 qui
732 5200 764 5240 eo
787 5192 907 5256 [empore
931 5201 985 5257 quo
1008 5183 1131 5240 Samaria
1181 5177 1334 5243 mendacii),
1350 5194 1431 5250 quain
1451 5180 1479 5235 in
1503 5182 1660 5236 testimonio
1677 5181 1811 5238 veritalis.
1829 5181 1879 5239 His
1904 5199 1969 5256 ergit

345 5274 477 5329 subversa
490 5281 543 5339 est,
553 5275 575 5329 si
591 5274 734 5346 diiigenter
744 5292 831 5332 annos
844 5276 1130 5340 numeremus.decem
1182 5270 1293 5327 missis
1306 5272 1462 5327 intueamur
1476 5273 1514 5327 rei
1525 5274 1677 5338 lethalem,
1688 5279 1716 5330 θῑ
1727 5274 1799 5346 qum
1812 5289 1895 5330 suum
1909 5292 1969 5334 esse

344 5376 372 5424 et
388 5374 451 5422 octo
462 5381 597 5423 annorum
614 5369 674 5423 tuit.
692 5368 782 5424 Achae
799 5370 900 5441 quippe
914 5370 1130 5442 regnavitannis
1181 5362 1289 5426 nolunt,
1305 5369 1428 5447 positvm
1443 5380 1504 5419 05⁵⁰
1519 5366 1676 5435 prohemus·

344 5459 494 5525 sexdecim,
509 5468 536 5516 et
550 5469 574 5514 st
583 5471 656 5530 ’puer
670 5460 740 5515 inira
751 5471 868 5533 meatuor
879 5478 965 5517 annos
979 5461 1055 5534 regni
1070 5462 1130 5532 ejus
1194 5467 1195 5472 ’
1319 5453 1402 5510 Verre
1414 5455 1556 5525 prophetia
1569 5474 1661 5514 sensus
1672 5460 1831 5529 explicatur.

344 5550 449 5620 primos
463 5558 607 5618 natusest,
621 5552 761 5609 duodecim
773 5569 859 5610 annos
871 5547 917 5625 qui
929 5561 1069 5611 remanent
1084 5555 1131 5609 ba·
1217 5545 1261 5602 74·
1276 5544 1374 5601 ‘¹⁰43‘ss
1392 5563 1462 5618 “9⁰2
1483 5547 1577 5604 ‘wilm‘
1594 5549 1679 5604 David
1701 5551 1769 5624 (¹⁸⁶-
1784 5554 1846 5626 ΠΙ)-
1862 5554 1968 5623 Quibit

344 5640 464 5697 buitsub
478 5641 580 5708 Achae,
594 5645 741 5701 etsexsub
760 5644 946 5719 Ezechia,qui
965 5648 1045 5704 simul
1062 5650 1131 5707 iivrnt
1181 5641 1308 5712 wilelmi
1332 5640 1455 5697 dimam
1481 5641 1570 5696 “udi“
1597 5653 1621 5698 θ’
1646 5645 1727 5701 '¹⁰⁸¹‘
1750 5647 1909 5716 '‘meu''im·
1936 5663 1967 5705 ἢ(

343 5729 438 5786 decem
464 5739 491 5786 et
508 5740 582 5788 octo.
601 5732 672 5788 Num
694 5749 744 5804 per
770 5744 875 5791 tantum
901 5745 1008 5809 tempus
1036 5747 1129 5795 mutus
1181 5736 1337 5792 contrarius
1351 5735 1402 5791 sim
1415 5736 1557 5792 sententiae
1577 5741 1725 5809 superiori,
1741 5741 1835 5797 audite
1845 5744 1916 5815 quid
1928 5742 1967 5799 ia·

343 5820 413 5887 iuit,
429 5829 459 5877 ut
476 5838 531 5880 non
548 5835 641 5896 posset
652 5842 753 5895 rorare
776 5836 880 5900 patrem
894 5834 922 5886 et
942 5838 1067 5898 matrem,
1082 5841 1129 5887 aut
1181 5835 1275 5886 cturus
1302 5829 1338 5884 sit
1363 5826 1513 5894 Dominus,
1531 5830 1578 5899 qui
1602 5833 1728 5889 coneedit
1749 5835 1896 5904 auditum,
1921 5840 1968 5894 seri

342 5913 481 5970 nescireti
502 5915 610 5989 Eliyaut
634 5918 816 5992 quodcunque
828 5922 973 5989 volueritn,
995 5932 1022 5979 et
1036 5923 1130 5980 dicant
1180 5918 1506 5976 subtrabitintelleetum.
1519 5921 1617 5977 Audite
1636 5939 1713 5980 norae
1723 5926 1876 5983 nativitatis
1890 5943 1961 5984 arca·

342 6003 422 6064 uobis
437 5997 526 6064 utrum
543 6010 675 6080 puerisve
689 6019 770 6069 natus
791 6012 842 6070 luit
857 5996 1010 6088 'antequam
1027 6014 1126 6073 hama·
1179 6026 1256 6079 num,
1273 6008 1320 6069 sed
1342 6009 1526 6069 abscondatur
1547 6027 1561 6069 a
1584 6014 1662 6073 vobis
1691 6015 1776 6076 divini
1799 6016 1965 6077 sacramenti
