4350 6709
287 579 334 633 t'il
814 569 986 628 etstoetts
1003 569 1048 625 DE
1064 569 1131 628 ESU
1151 570 1374 628 uotsrtttun.

1850 570 1902 628 958

286 697 377 767 (loun.
402 692 460 766 rr);
485 695 628 765 peregrina
649 700 690 749 est
714 691 766 745 ista
791 690 945 758 sentcntia;
964 700 993 747 ει
1009 691 1070 747 ideo
1084 692 1106 749 Α
1120 685 1232 742 Patrum
1254 689 1459 754 modernorum,
1475 703 1536 758 quae
1550 701 1605 742 non
1620 695 1715 743 essent
1729 686 1756 743 iu
1767 685 1835 745 Getlt
1852 704 1904 759 pu·

286 805 344 844 uam
369 802 424 842 non
453 802 598 854 pessumus
617 784 659 839 rel
682 781 871 853 :equanimiter
892 782 998 848 audire,
1021 797 1072 837 neo
1122 779 1259 843 blicanda,
1283 794 1357 834 nune
1379 779 1406 834 in
1423 780 1550 850 compitis
1565 777 1711 833 Ascalonis
1724 779 1900 847 exponendo:

284 881 347 934 duur
365 894 447 950 opere
464 878 586 947 impiere.

1122 873 1212 942 potius
1241 872 1389 929 nudaberis
1415 871 1450 926 ad
1479 872 1654 933 derisionem,
1675 887 1756 942 quarn
1783 888 1816 928 ea
1840 882 1903 944 pest

318 966 557 1039 llap.l'eritalerrr
590 967 701 1031 audisti,
727 982 809 1037 quam
830 965 951 1037 quaesisti
977 964 1071 1036 :quid
1120 963 1232 1018 dorsum
1255 963 1388 1028 relando,
1412 970 1552 1033 paternam
1579 961 1705 1033 acquiras
1733 963 1902 1020 benedictio·

283 1062 367 1134 igitur
381 1062 447 1116 milri
463 1061 629 1115 succenses?

317 1154 392 1207 Dirc.
408 1151 536 1223 Numquid
557 1152 650 1223 sagina
664 1161 706 1208 εει
723 1153 809 1207 carol

317 1243 393 1313 ilag.
408 1242 456 1299 Est
477 1243 608 1313 prolecto.

1120 1069 1195 1108 nelli.

1155 1143 1227 1216 ling.
1248 1144 1415 1202 Erubescere
1434 1147 1467 1201 de
1486 1146 1558 1201 malo
1581 1153 1623 1202 est
1637 1145 1789 1216 sapientie,
1805 1146 1902 1201 erube·

1119 1255 1196 1295 scere
1210 1255 1275 1295 uero
1288 1240 1322 1296 de
1332 1240 1403 1296 bono
1414 1248 1456 1295 est
1470 1240 1614 1303 fatuitatis.
1624 1238 1658 1293 Et
1672 1239 1735 1310 quia
1751 1238 1901 1295 humanum

318 1339 397 1414 Dirc.
417 1337 487 1403 Quid
506 1338 587 1408 ergo?
603 1337 725 1408 nunquid
751 1336 864 1392 illicitus
891 1346 933 1393 est
960 1353 1069 1412 quoque
1118 1339 1161 1387 est
1174 1331 1342 1403 delinquere,
1359 1331 1461 1402 quippe
1475 1348 1530 1385 uon
1549 1338 1591 1387 est
1606 1331 1698 1394 bomo,
1712 1330 1759 1401 qui
1772 1344 1826 1384 uon
1838 1345 1902 1401 pos·

281 1446 350 1486 usus
363 1430 475 1500 saginae,
492 1428 720 1499 quemadmodum
741 1437 767 1482 et
782 1429 884 1492 carnis,
900 1436 929 1483 ul
950 1431 985 1484 ob
1007 1431 1067 1499 ejus

281 1539 358 1578 esum
379 1538 429 1577 nos
443 1536 552 1592 quoque
568 1520 792 1591 praevaricatores
812 1536 873 1576 esse
893 1519 1004 1594 Regulae
1021 1521 1068 1591 ju·

280 1615 375 1671 dices?

311 1705 385 1776 ling.
408 1704 469 1762 b'on
483 1713 561 1777 potes
576 1707 627 1761 hoc
650 1707 786 1778 ignorare,
808 1709 830 1762 si
845 1723 899 1763 non
917 1706 959 1763 ris
973 1721 1066 1763 errare

280 1799 321 1852 rel
337 1799 521 1856 dissimulare.

314 1889 391 1946 Dirc.
407 1889 466 1945 Non
480 1888 530 1946 llus
544 1892 606 1946 est?

314 1982 389 2053 llup.
404 1982 479 2039 Unde
492 1992 534 2040 εει
550 1984 594 2039 ille
610 1984 675 2040 llos?

1118 1424 1155 1479 sit
1173 1424 1247 1478 velut
1272 1424 1353 1477 borno
1368 1422 1444 1490 lalli;
1466 1423 1630 1478 diabolicum
1644 1439 1710 1479 uero
1725 1423 1902 1493 pertinaciter

1117 1523 1207 1571 errata
1222 1513 1383 1570 defendere:
1405 1530 1547 1571 excessum
1570 1515 1657 1580 illum,
1674 1532 1756 1587 quem
1769 1515 1899 1583 diximus,

1117 1608 1267 1677 maioribus
1282 1608 1499 1678 compassibiles,
1523 1622 1579 1662 nou
1605 1607 1769 1663 insultanter
1786 1623 1901 1665 accusa·

1117 1714 1195 1763 rnus;
1211 1695 1258 1753 sed
1276 1698 1349 1751 liliali
1364 1696 1509 1758 charitate,
1526 1710 1662 1750 memores
1683 1694 1799 1766 propriae
1812 1694 1898 1765 lragl·

1116 1790 1212 1854 litatis,
1229 1805 1393 1845 excusamus
1406 1807 1414 1856 ;
1429 1789 1452 1844 si
1470 1797 1560 1844 tamen
1576 1789 1660 1859 legem
1670 1786 1781 1841 Petrum
1793 1795 1901 1841 nostro·

1115 1899 1176 1938 rum
1200 1883 1456 1952 antiquissimorum
1482 1881 1515 1936 de
1538 1881 1672 1936 industria
1696 1888 1793 1935 carent
1809 1880 1900 1950 impu·

1115 1992 1209 2048 gnare,
1234 1978 1257 2031 si
1278 1991 1338 2031 eant
1349 1976 1395 2031 diu
1410 1976 1561 2046 neglectam
1577 1972 1745 2029 contendunt
1756 1989 1897 2038 renouare,

313 2074 388 2129 Dirc.
404 2074 441 2129 lle
459 2075 694 2147 quadrupedibus.
1078 2051 1139 2126 Bsi
1164 2079 1284 2140 teporem
1308 2085 1388 2125 suum
1416 2070 1514 2124 nolunt
1540 2067 1703 2133 delensare;
1732 2071 1756 2122 si
1775 2067 1900 2124 ueritatis

313 2166 386 2237 ling.
400 2166 460 2223 Non
474 2144 632 2238 igitur'eum
648 2169 814 2226 nranducare
828 2169 928 2228 dehent
938 2170 996 2238 alii,
1008 2169 1062 2227 nisi
1116 2164 1186 2217 lacta
1202 2163 1375 2225 revelatione,
1400 2171 1427 2217 ει
1446 2161 1537 2216 oblata
1560 2160 1613 2216 sibi
1626 2160 1741 2216 ltonesta
1753 2159 1899 2216 occasione

278 2259 390 2314 omuino
404 2259 508 2315 debiles
522 2268 549 2316 ct
562 2262 668 2331 aegroti.
1115 2257 1228 2310 meliora
1239 2254 1404 2324 exemplaria
1428 2254 1599 2332 abstinentiae
1623 2253 1773 2324 gaudenter
1793 2253 1898 2323 ample·

313 2348 388 2406 Dirc.
406 2348 435 2406 Si
455 2352 591 2422 pinguedo
616 2360 659 2407 est
680 2369 755 2420 caro,
778 2353 859 2426 igitur
876 2362 903 2410 ει
922 2370 1018 2410 caseus
1037 2364 1063 2410 er
1114 2348 1173 2403 rari
1199 2347 1336 2411 studeant,
1354 2346 1500 2403 observare
1521 2354 1549 2401 et
1563 2346 1626 2401 aliis
1640 2345 1811 2401 observanda
1823 2359 1900 2400 com-

278 2441 513 2513 accomodes
530 2447 878 2510 carneereant,sinrilirer
899 2457 963 2503 sunt
986 2464 1061 2503 caro,
1114 2440 1254 2497 mendara.
1273 2439 1332 2495 Non
1356 2442 1439 2502 enirn,
1458 2439 1511 2494 nisi
1534 2439 1561 2494 in
1581 2438 1679 2508 spiritu
1704 2439 1834 2501 lenitatis,
1851 2453 1898 2492 ar-

313 2533 387 2605 llug.
404 2534 458 2591 Lac
473 2547 500 2593 et
516 2554 623 2603 caseus,
638 2555 799 2616 quanquarq
809 2538 842 2594 dc
858 2555 940 2595 carne
954 2547 1061 2606 exeant,
1113 2535 1237 2606 guendus
1255 2543 1307 2601 est,
1330 2533 1376 2603 qui
1389 2532 1503 2602 deliquit
1518 2531 1544 2585 in
1559 2532 1644 2602 legem
1659 2530 1835 2600 subreptione
1847 2531 1899 2584 ali·

277 2642 333 2681 aon
347 2637 437 2683 tarnen
448 2630 557 2699 proprie
572 2647 637 2686 earo
651 2632 790 2696 dicuutur,
802 2649 835 2686 co
850 2632 921 2701 qued
933 2648 997 2687 caru
1008 2648 1062 2687 non
1114 2643 1167 2698 qua
1189 2627 1308 2691 saliente.
1333 2626 1374 2681 Vel
1390 2625 1555 2683 Πθίθὲδῑῑῑιίθ
1570 2623 1743 2694 intpelleute;
1759 2623 1813 2678 nisi
1827 2620 1900 2687 Ῐθιῑθ

278 2721 307 2774 in
318 2721 358 2776 lac
370 2729 505 2786 transeat;
521 2722 569 2778 sed
586 2724 637 2794 ipsi
650 2725 703 2779 cibi
719 2729 745 2779 in
758 2725 799 2779 lae
815 2724 860 2780 liei
881 2725 1062 2795 dispositione
1114 2727 1176 2790 post
1191 2717 1431 2773 commonitionem
1440 2716 1540 2787 corrigi
1553 2716 1659 2773 uolens.
1669 2730 1720 2771 nec
1735 2715 1768 2770 de
1781 2729 1899 2770 excessu

276 2819 485 2865 convertuntur.
1113 2828 1164 2868 suo
1179 2812 1286 2876 dolens,
1299 2827 1355 2866 non
1366 2811 1454 2867 solum
1471 2824 1554 2880 opera
1571 2823 1621 2864 sua
1635 2824 1692 2863 non
1705 2814 1835 2863 vereatur
1850 2807 1898 2862 de-

315 2901 388 2957 Dirc.
410 2900 537 2970 Nunquid
555 2916 609 2955 non
624 2901 751 2958 similiter
765 2903 858 2959 riuum
875 2910 901 2960 el
917 2905 1007 2960 oleum
1029 2905 1063 2959 li·
1114 2905 1234 2966 lendere,
1250 2904 1298 2960 sed
1315 2906 1399 2960 etiarn
1416 2904 1504 2974 legem
1524 2902 1679 2973 procaciter
1698 2907 1856 2972 praesumat,
1870 2904 1897 2953 ct

1112 2995 1221 3051 studeat
1233 3005 1398 3066 pervertere.

1149 3088 1221 3143 Dirc.
1239 3086 1317 3142 Sicut
1338 3088 1472 3143 relatione
1484 3087 1630 3142 multorum
1644 3086 1801 3147 didicimus,
1829 3096 1897 3138 usus

276 3009 330 3064 gna
345 3002 418 3053 sunt,
436 2992 547 3062 quiade
565 2994 645 3064 lignis
659 2995 780 3050 exeunt?

312 3084 387 3155 dlup.
399 3083 459 3138 Non
473 3085 606 3155 sequitur.

313 3175 387 3231 Diae.
402 3176 472 3242 Quid
483 3176 567 3247 igitur
581 3177 669 3230 sunt?

312 3269 386 3340 ling.
415 3268 519 3325 Suceus
544 3278 633 3335 terrae,
659 3270 706 3342 qui
728 3270 842 3327 vertitur
863 3272 891 3327 in
915 3275 1010 3330 uinum
1033 3284 1061 3330 ct

278 3362 380 3417 oleum.

311 3453 496 3511 DisaProba.

310 3545 385 3617 ling.
397 3546 568 3619 Augustinus
581 3548 646 3603 dicit
658 3567 664 3604 :
680 3547 806 3615 Quotidie
818 3548 949 3604 Dominus
961 3563 1059 3620 aquam

275 3637 304 3692 in
332 3639 426 3693 vinum
446 3640 591 3704 convertit,
616 3655 679 3694 cnm
703 3640 791 3710 ipsum
814 3658 938 3707 succum,
963 3644 1010 3712 qui
1027 3658 1058 3696 ct

275 3741 349 3785 terra
369 3732 503 3800 nascitur,
526 3733 554 3788 in
579 3733 672 3787 tinum
688 3735 779 3789 vertit.
793 3732 881 3803 liujus
893 3734 931 3790 rei
948 3735 1060 3790 eridcus

275 3823 327 3878 boe
341 3832 382 3879 εει
398 3825 540 3890 indicium,
557 3826 629 3896 quod
646 3827 674 3880 in
689 3843 752 3884 rere
764 3827 797 3884 de
814 3828 903 3884 incisa
916 3828 971 3886 uite
988 3844 1059 3900 aqua

274 3915 395 3988 prolluit.
410 3915 487 3973 Unde
502 3918 621 3973 dicitur:

313 4006 390 4062 Unde
405 4011 640 4073 marcianillam
657 4009 703 4062 dol
716 4009 791 4062 inodo
806 4011 865 4064 eilia
880 4027 986 4080 aquom.

310 4097 488 4171 Pinguetlinis
512 4110 602 4156 autern
624 4102 768 4158 dissimilis
783 4103 853 4157 ratio
867 4111 923 4170 cst;
938 4119 971 4159 eo
986 4106 1059 4175 quod

275 4191 386 4261 ingenio
409 4191 528 4246 humano
555 4207 620 4245 caro
638 4190 775 4246 fruniento
800 4193 950 4262 saginatur,
967 4195 1059 4250 tundi·

274 4291 330 4347 tur,
347 4284 484 4352 coquitur,
501 4284 618 4348 colatur,
645 4283 782 4355 pinguedo
808 4283 943 4340 efficitur:
967 4285 1004 4340 ita
1030 4297 1058 4342 ut

274 4389 345 4444 pene
359 4374 425 4428 nibil
440 4390 474 4429 ex
487 4391 530 4440 ca,
545 4376 598 4431 nisi
614 4379 714 4441 scoria,
730 4387 884 4434 remaneat:
900 4395 932 4433 ac
947 4396 996 4450 per
1006 4380 1058 4436 boo

1113 3183 1215 3254 saginae
1226 3181 1350 3237 indultus
1366 3189 1407 3236 est
1422 3180 1564 3235 monacbis
1581 3180 1607 3232 in
1617 3178 1734 3248 quedam
1749 3187 1895 3238 contentu,

1113 3277 1140 3331 in
1156 3292 1210 3347 quo
1226 3274 1327 3331 resedit
1342 3272 1491 3343 imperator
1504 3270 1569 3326 Pius
1584 3269 1739 3323 Ludoricus
1753 3284 1814 3323 curn
1826 3267 1897 3322 mul·

1074 3368 1148 3443 ctis
1173 3366 1311 3437 religiosis
1336 3365 1491 3426 abbatibus,
1521 3369 1551 3416 ut
1574 3361 1695 3415 volatilia
1719 3360 1747 3414 in
1772 3359 1896 3430 saginam

1112 3459 1337 3520 transferrentur,
1359 3455 1578 3512 decernentibus.
1593 3452 1662 3507 llum
1680 3452 1790 3507 incusas
1805 3456 1896 3505 statu·

1112 3564 1168 3608 tum
1181 3551 1238 3622 lai)
1251 3549 1381 3605 illorum?

1145 3644 1217 3713 ling.
1245 3640 1373 3711 Numquid
1402 3639 1569 3702 recordaris,
1595 3637 1669 3709 quod
1691 3636 1811 3691 volatilia
1840 3648 1895 3689 non

1110 3753 1182 3801 csse,
1202 3734 1255 3790 nisi
1274 3734 1445 3788 infirmorum
1471 3731 1597 3795 fratrum,
1626 3728 1754 3801 superius
1781 3739 1895 3782 conoes-

1111 3829 1201 3886 seris?

1144 3922 1219 3976 Disc.
1240 3918 1350 3974 Minime
1370 3917 1499 3973 recordor
1520 3917 1648 3987 quoniam
1670 3907 1778 3971 illudio
1791 3924 1895 3967 meme·

1112 4015 1152 4069 ria
1165 4014 1246 4067 lirum
1264 4019 1352 4067 teneo.

1146 4103 1219 4175 llug.
1235 4101 1333 4157 ludica
1357 4117 1421 4172 crgo
1442 4109 1471 4156 tu
1494 4101 1562 4171 ipse,
1582 4113 1636 4170 qua
1650 4096 1757 4152 ratione
1771 4094 1830 4151 lieri
1844 4107 1894 4166 po·

1110 4197 1202 4261 tuerit,
1219 4205 1249 4248 ut
1264 4195 1358 4266 sagina
1374 4210 1423 4262 pro
1434 4193 1589 4248 volatilibus
1602 4190 1781 4255 relaxaretur,
1789 4201 1850 4259 qnae
1859 4184 1895 4241 de

1109 4297 1208 4344 caetero
1220 4300 1275 4343 tam
1291 4289 1366 4364 sanis
1375 4304 1456 4358 quarn
1468 4287 1583 4342 infirmis
1598 4284 1811 4341 ministraretur.
1822 4279 1894 4335 Nutu

1110 4380 1246 4435 laudabile
1260 4395 1325 4449 ergo
1345 4379 1454 4434 illorum
1469 4378 1678 4440 commercium,
1689 4375 1736 4446 qui
1752 4382 1808 4429 tam
1819 4373 1894 4428 timi·

273 4479 341 4518 caro
354 4480 415 4520 esse
430 4465 503 4520 baud
520 4466 620 4536 injuria
634 4469 798 4524 ostenditur.
828 4533 830 4542 Ι
1110 4471 1152 4525 dis
1171 4485 1220 4540 par
1237 4470 1438 4539 inscripserunt
1456 4467 1644 4522 concambium
1660 4484 1666 4533 ;
1691 4481 1745 4536 quo
1760 4482 1809 4536 per
1822 4480 1891 4531 rem,

310 4552 384 4608 ilisa.
411 4553 516 4620 Timeo,
545 4573 579 4612 ιιε
604 4558 673 4614 lortc
698 4559 791 4613 audito
812 4557 864 4613 boc
883 4559 966 4613 verbo
980 4561 1059 4615 multi
1109 4577 1190 4632 quam
1208 4560 1261 4616 sibi
1274 4559 1344 4615 lalso
1360 4565 1525 4630 putaverunt
1539 4574 1601 4614 esse
1617 4559 1729 4621 licitam,
1747 4572 1892 4628 compara·

273 4647 329 4700 sint
349 4649 564 4716 scandalizandi,
580 4660 607 4706 ct
619 4669 705 4708 usuue
720 4654 753 4707 ad
768 4656 928 4725 sauguinem
945 4653 1059 4708 oblocu·
1109 4659 1207 4709 rerunt
1230 4667 1287 4707 rem
1309 4652 1444 4713 illicitam,
1461 4665 1516 4705 non
1530 4650 1598 4706 satis
1609 4649 1791 4712 attendentes,
1810 4662 1892 4716 quam

273 4739 328 4791 turi
343 4746 370 4793 et
385 4739 514 4805 renisuri.
1074 4729 1096 4783 D
1111 4746 1188 4800 multi
1210 4745 1262 4799 bac
1278 4744 1401 4800 libertate
1416 4745 1443 4799 in
1455 4744 1600 4798 occasione
1614 4741 1706 4797 carnis
1730 4750 1823 4797 essent
1843 4739 1892 4794 ab·

310 4829 383 4902 ling.
402 4831 458 4888 lllie
476 4834 596 4903 trepidas
618 4833 727 4898 timore,
754 4837 800 4891 ubi
823 4853 877 4892 nou
903 4847 945 4892 est
965 4837 1055 4895 timor.
1109 4839 1232 4903 esuriet
1245 4836 1385 4908 subpallio
1398 4836 1538 4907 religionis
1552 4849 1635 4906 super
1650 4834 1720 4888 bano
1734 4833 1840 4888 noviter
1849 4832 1893 4886 in·

275 4925 328 4991 Qui
343 4926 462 4981 observat
475 4937 590 4992 rentum,
607 4946 659 4982 non
671 4930 797 4994 seminum
812 4942 836 4985 et
851 4932 895 5002 qui
909 4931 1057 4986 corraidcrut
1109 4927 1263 4982 troductant
1276 4927 1501 4982 consuetudinem
1517 4925 1709 4996 corrumpendi
1721 4925 1733 4979 l
1745 4923 1813 4979 Nam
1827 4923 1892 4996 quia

274 5018 365 5081 nuder,
379 5036 513 5090 nunquam
527 5030 605 5075 arctet
617 5019 716 5091 (b'ccle.
729 5022 778 5093 rr).
796 5021 824 5077 Si
835 5025 908 5078 enirn
924 5040 973 5093 pro
985 5026 1058 5080 veri·
1109 5039 1123 5076 a
1150 5030 1262 5094 paterna
1285 5021 1427 5076 nobilitate
1452 5021 1660 5092 degenerantes,
1677 5029 1750 5075 stare
1763 5027 1790 5076 et
1801 5028 1893 5076 terrere

274 5118 331 5164 tate
345 5111 504 5166 scandalum
524 5112 653 5175 sumitur,
672 5112 771 5167 tnclius
782 5120 833 5176 est,
851 5121 880 5167 ut
896 5115 1055 5177 scandalum
1108 5113 1280 5179 traditiones,
1297 5129 1365 5183 quas
1380 5114 1545 5176 didicerunt,
1561 5113 1682 5168 nouitate
1701 5112 1784 5168 illecti
1800 5112 1893 5182 ncgle«

273 5211 414 5267 nascatur,
429 5220 510 5273 quam
523 5205 625 5259 veritas
637 5205 815 5274 relinquatur.
831 5203 905 5260 Licet
918 5207 1000 5262 etiarn
1015 5209 1056 5263 al·
1107 5213 1218 5270 xerunt,
1242 5204 1303 5260 ideo
1326 5220 1402 5260 suant
1427 5219 1525 5260 nouam
1539 5203 1624 5274 legem
1640 5201 1781 5258 monachis
1796 5198 1893 5256 condi·

246 5358 252 5368 ι
272 5305 316 5350 ιει
329 5295 507 5352 Nabuzardan
520 5296 721 5368 quodaminodo
741 5297 920 5361 reviviscens,
938 5298 1055 5367 jamdiu
1107 5299 1216 5353 derunt.
1237 5295 1269 5350 Et
1278 5297 1342 5368 quia
1354 5305 1455 5353 sanetae
1470 5296 1632 5352 obedientiae
1645 5295 1767 5350 libellum
1783 5293 1890 5364 repudii

273 5403 368 5442 muros
384 5387 535 5443 Jerusalem
560 5390 741 5450 destruxerit;
755 5397 782 5443 et
795 5389 857 5444 licet
872 5391 941 5444 alter
956 5390 1057 5462 Epicu·
1108 5391 1272 5453 scribentes,
1288 5389 1491 5447 districtionem
1510 5389 1643 5460 regularis
1657 5387 1830 5443 abstinentiae
1846 5401 1890 5440 rc-

272 5495 321 5534 rus
334 5480 412 5549 louge
423 5481 530 5550 lateque
539 5489 641 5536 sectam
654 5495 732 5538 suant
746 5478 974 5544 disseminaverit,
991 5482 1057 5538 divi·
1107 5485 1252 5547 miseruut,
1268 5485 1433 5556 transgressi
1446 5492 1509 5538 sunt
1524 5481 1656 5537 terminos
1669 5479 1806 5550 antiques,
1822 5493 1892 5549 quos

271 5587 339 5625 num
366 5580 458 5627 tamen
484 5588 644 5643 responsum
670 5587 721 5630 uos
742 5572 920 5636 consolatur,
941 5573 1053 5630 diceus:
1107 5572 1204 5629 Patres
1218 5588 1314 5628 eorum
1327 5581 1487 5644 pesuerunt.
1503 5571 1579 5626 Elaeu
1594 5579 1661 5642 quot
1674 5571 1707 5626 de
1726 5579 1781 5625 tam
1794 5570 1890 5625 lauda-

272 5663 376 5733 Reliqui
396 5663 571 5732 nribiaeptcm
593 5664 679 5718 millia
698 5665 824 5729 uirorum,
841 5664 947 5735 quinon
962 5681 1057 5720 curnu-
1107 5667 1154 5722 bili
1184 5665 1396 5733 consuetudine,
1419 5681 1502 5738 quam
1526 5665 1623 5722 Patres
1650 5665 1819 5735 antiquiores
1832 5661 1890 5732 (35)

272 5764 362 5809 rerunt
377 5773 461 5827 genua
472 5772 522 5811 auu
535 5765 595 5808 ante
605 5756 675 5811 Boot
688 5755 774 5827 (Rom.
790 5759 841 5847 xri.

307 5848 383 5905 Dr'sc.
399 5848 457 5905 Nisi
471 5850 591 5920 linguam
606 5861 633 5906 et
648 5853 748 5923 stylum
760 5853 916 5911 cohibueris
928 5853 1054 5924 pudenda

307 6003 364 6075 (al)
378 6004 408 6059 C.
423 6003 496 6069 lton,
511 6012 612 6059 statuta

375 6100 512 6161 Parnon.
531 6098 667 6161 ccxltt.

1110 5757 1275 5822 babuerunt,
1300 5758 1334 5812 ad
1358 5759 1560 5830 suggestionem
1580 5757 1661 5812 unius
1674 5754 1816 5814 secularis
1827 5769 1891 5826 per·

1107 5866 1182 5907 sonte
1194 5855 1347 5916 cesserunt,
1369 5864 1419 5904 uec
1439 5848 1625 5914 attenderunt,
1649 5845 1725 5918 qnod
1742 5844 1814 5902 Esau
1833 5842 1890 5915 prl-

1144 6005 1199 6077 (ss)
1214 6005 1243 6061 C.
1261 6004 1334 6075 ltel,
1350 6006 1473 6062 teniores.

1624 6099 1664 6160 30
