4350 6709
340 540 393 598 639
851 546 955 623 rsrltt
973 547 1102 605 tantm
1117 546 1260 606 cernuli
1278 549 1435 610 densent
1906 560 1957 618 “d
2011 516 2014 591 ἱ

339 665 494 732 Remeusis,
508 672 537 720 et
549 664 661 736 guidam
674 665 760 722 abbas
774 664 991 734 Suessioueusis,
1004 667 1126 725 domnus
1139 673 1163 731 Α
1175 667 1289 728 Christi.
1312 671 1431 730 laniem
1454 672 1588 731 liebertus
1612 676 1646 731 ad
1670 677 1763 732 villam
1789 677 1956 748 predictam,
2012 690 2014 703 ·

340 760 422 815 etiam
450 757 710 826 Autissiodorensis,
734 758 782 829 qui
805 757 843 813 ibi
866 766 962 829 postea
980 757 1126 816 defunctus
1175 765 1834 839 bonoriliceaburgensibusestsnsceptrrs3sed
1848 769 1959 839 qnidam
2012 833 2014 839 ,

340 859 392 917 est,
411 857 439 905 et
455 848 666 906 archidiaconus
684 849 903 919 Catalauneusis,
919 849 973 906 riri
993 851 1086 922 magni
1100 861 1126 908 et
1176 857 1326 928 servientes
1340 856 1448 913 comitis
1463 857 1578 927 Tolosae,
1595 859 1643 929 qui
1662 859 1855 916 custodiebant
1868 863 1959 918 runni-

341 943 463 1009 litterati,
478 943 570 1015 piures
584 952 612 1000 et
628 943 728 1001 milites
740 953 768 1000 ct
782 944 887 1016 pedites
901 944 1060 1018 peregrini:
1078 947 1126 1018 qni
1175 947 1279 1002 tiormm
1296 947 1390 1013 castri,
1406 948 1553 1003 noluerunt
1565 963 1595 1005 se
1611 948 1736 1017 reddere,
1751 949 1799 1007 sed
1818 960 1961 1020 cmpornut

340 1051 404 1094 cnm
417 1035 567 1103 venisseut,
586 1036 749 1094 uenerabilis
764 1037 909 1108 episcopus
922 1037 1128 1111 itotlromagen·
1175 1037 1323 1102 resistere,
1339 1037 1481 1109 ipsamque
1504 1038 1649 1095 delendere
1672 1041 1852 1096 munitionem
1867 1045 1961 1113 :quod

339 1129 389 1197 sis,
404 1127 439 1184 de
452 1127 592 1185 voluntate
614 1137 641 1185 et
663 1129 854 1186 benevolentia
872 1130 982 1187 comitis
995 1132 1127 1188 recedens
1176 1129 1272 1186 ridens
1286 1130 1329 1185 tir
1341 1139 1471 1189 strennos
1485 1131 1610 1188 videlicet
1625 1131 1770 1197 liebertus,
1785 1133 1882 1189 statim
1899 1144 1961 1190 ante

339 1216 375 1272 ab
393 1219 516 1275 exercitu
536 1219 709 1290 repatriarit;
730 1220 770 1276 illi
793 1229 884 1276 autem
900 1221 949 1294 qni
964 1237 1128 1293 superrem-
1176 1222 1356 1280 munitionem
1383 1222 1447 1278 iecit
1470 1223 1538 1294 erigi
1560 1239 1644 1280 unum
1669 1225 1873 1295 mangonellum
1890 1243 1898 1281 ε
1914 1225 1961 1296 qui

339 1320 413 1380 rant,
424 1322 565 1384 coeperunt
578 1312 606 1368 in
620 1313 822 1384 expugnatione
834 1315 918 1370 castri
929 1324 1040 1373 svenne
1051 1315 1128 1373 labo·
1176 1329 1239 1372 cnm
1252 1316 1356 1386 aliquot
1369 1315 1474 1386 lapides
1486 1317 1608 1387 jecisset,
1622 1316 1689 1372 dicti
1704 1317 1856 1373 servientes
1869 1317 1961 1375 reddi·

339 1419 411 1461 rare.
437 1403 562 1472 Quodam
584 1405 630 1461 die
653 1406 804 1464 adversarii
828 1409 928 1474 nostri,
944 1424 1079 1480 pauperes
1101 1418 1128 1467 et
1176 1404 1276 1461 derunt
1287 1406 1480 1461 munitionem.
1491 1404 1593 1462 biansit
1604 1415 1694 1462 autem
1708 1405 1962 1466 Robertnsinriiia

339 1496 469 1553 mulieres
487 1513 559 1568 qnos
578 1513 673 1554 secum
688 1499 837 1567 habebant,
855 1500 995 1571 eiecerunt
1007 1517 1021 1557 a
1034 1510 1128 1559 castro
1176 1498 1221 1555 illa
1236 1497 1384 1568 aliquantis
1395 1498 1502 1565 diebus,
1515 1507 1543 1554 et
1553 1508 1614 1569 post
1624 1498 1681 1555 ltaec
1694 1499 1774 1555 rediit
1786 1499 1820 1554 ad
1832 1502 1962 1556 comitem

339 1599 367 1648 et
381 1600 565 1661 exposuerunt
584 1592 677 1659 morti,
698 1607 732 1647 nc
756 1592 885 1650 ricmaiia
905 1608 1001 1649 eorum
1025 1609 1128 1670 eonsu-
1176 1591 1249 1660 apud
1264 1588 1498 1662 Peenameus
1512 1601 1601 1648 castro
1615 1589 1716 1647 Penne
1730 1601 1758 1647 et
1772 1592 1891 1658 ιοοοίιο,
1901 1607 1963 1663 pro

341 1693 458 1741 merent.
474 1684 574 1742 Comes
592 1697 684 1741 autern
708 1697 811 1752 noster,
835 1687 937 1759 ejectos
954 1687 1017 1743 illos
1031 1688 1128 1744 moluit
1176 1684 1268 1755 posuit
1281 1699 1374 1740 comes
1388 1695 1481 1740 noster
1495 1693 1525 1741 ut
1541 1683 1679 1741 obsideret
1689 1684 1826 1754 quoidam
1841 1694 1963 1741 castrum

341 1777 478 1845 occidere,
493 1779 541 1835 sed
554 1779 643 1835 redire
655 1780 756 1851 repulit
770 1779 797 1835 iu
809 1789 941 1837 castmm.
961 1779 984 1837 0
999 1781 1128 1838 nobilitas
1176 1777 1345 1848 proximum,
1364 1777 1475 1833 nomino
1494 1776 1579 1833 Biron
1597 1796 1603 1833 :
1620 1787 1741 1833 castrum
1762 1777 1829 1832 illud
1851 1777 1963 1833 dederat

341 1871 663 1942 principisidediguatus
674 1880 716 1928 est
726 1871 850 1928 occidere
860 1888 930 1943 quos
941 1888 996 1930 uon
1007 1882 1128 1944 ceperat,
1177 1884 1270 1926 comcs
1292 1868 1399 1925 Tolosa
1421 1869 1531 1925 cuidam
1554 1869 1689 1936 traditori,
1711 1871 1822 1926 uomiue
1845 1868 1963 1927 liartino

341 1961 552 2017 necdeiilorum
564 1969 652 2018 morte
662 1962 777 2019 credidit
788 1963 949 2034 adepturum
961 1965 1127 2035 segloriom,
1177 1963 1280 2034 algais,
1295 1962 1370 2033 quin,
1386 1961 1458 2018 sicut
1471 1962 1499 2016 in
1518 1962 1705 2032 superioribus
1723 1961 1854 2029 diximus,
1877 1962 1964 2019 inem

340 2052 375 2109 de
401 2069 518 2124 quorum
541 2055 666 2123 captione
689 2069 743 2108 non
764 2051 854 2109 luerat
875 2062 1019 2111 assecutus
1041 2053 1129 2111 ricto·
1142 2024 1164 2082 B
1178 2072 1241 2112 cum
1255 2057 1356 2112 comite
1370 2063 1475 2121 nostro,
1489 2054 1538 2110 sed
1560 2063 1654 2124 postea
1676 2055 1828 2125 proditioue
1843 2054 1917 2113 lacta
1930 2057 1965 2111 ab

339 2144 423 2201 riam.
439 2144 524 2216 igitur
539 2162 602 2202 cnm
622 2146 755 2201 maclrinae
767 2154 869 2202 nostrae
882 2146 985 2203 diutius
997 2145 1130 2217 jecissent
1178 2161 1212 2202 eo
1225 2154 1377 2202 recesserat
1392 2164 1399 2203 :
1412 2146 1458 2202 bic
1476 2146 1503 2201 iu
1528 2157 1619 2204 castro
1633 2156 1783 2217 prenotato
1798 2163 1907 2204 moram
1925 2148 1965 2204 ia·

340 2238 413 2294 intra
427 2238 606 2294 intruitionem
622 2254 773 2310 omnesque
793 2239 891 2295 domos
904 2249 932 2296 et
951 2238 1058 2311 refugia
1067 2257 1129 2312 quae
1180 2237 1265 2305 ciens,
1281 2237 1427 2293 adrentum
1443 2246 1600 2294 nostrornm
1621 2237 1658 2293 ibi
1676 2238 1763 2294 uoluit
1782 2248 1963 2311 exspectare:

339 2328 370 2386 iu
383 2345 415 2386 ea
425 2340 504 2389 erant
517 2330 726 2403 confregissent,
741 2331 869 2388 machina
882 2332 996 2404 insuper
1019 2347 1128 2403 magna,
1180 2332 1253 2403 qnod
1265 2329 1341 2399 insto
1356 2327 1404 2385 liei
1415 2330 1520 2399 jndicio
1532 2331 1672 2401 provisum
1694 2331 1733 2387 rei
1748 2331 1840 2388 exitus
1853 2332 1965 2388 demon·

339 2428 445 2499 qnaede
459 2442 531 2484 noro
545 2438 636 2485 erecta
651 2427 751 2495 luerat,
769 2428 858 2498 ipsum
877 2444 987 2485 morum
999 2429 1131 2484 munitio-
1180 2425 1287 2482 stravit.
1303 2423 1448 2481 Venientes
1465 2426 1548 2497 igitur
1565 2428 1654 2482 nostri
1672 2436 1736 2483 aute
1750 2436 1873 2483 castrum
1887 2428 1967 2484 obse-

339 2520 385 2577 uts
404 2520 546 2578 destitere
564 2520 702 2592 cepisset,
721 2520 846 2578 videntes
863 2520 903 2576 illi
921 2520 971 2592 qut
991 2522 1130 2578 trimetro
1180 2516 1281 2583 uerum
1302 2517 1369 2572 rnuu
1385 2535 1392 2571 =
1410 2525 1472 2588 nott
1494 2518 1562 2585 naec,
1586 2519 1791 2589 inctructione
1816 2519 1901 2586 lacn,
1920 2536 1967 2591 rer

340 2612 510 2683 erant,quod
523 2628 577 2669 uon
589 2620 714 2684 poteraut
724 2612 772 2669 din
785 2627 816 2668 se
827 2621 964 2680 tenere,et
974 2613 997 2669 si
1008 2622 1129 2669 castrum
1178 2610 1282 2667 multos
1294 2609 1402 2665 labores
1417 2617 1444 2665 et
1459 2610 1536 2666 mira
1555 2610 1701 2682 probitatis
1715 2611 1856 2678 exercitia,
1871 2627 1967 2668 ascen·

339 2702 368 2757 ri
378 2711 532 2774 caperetur,
543 2718 639 2759 omnes
654 2704 683 2758 io
695 2718 777 2758 mann
789 2702 871 2774 gladii
885 2702 1068 2770 traderentur,
1086 2712 1131 2759 at·
1180 2702 1276 2758 dentes
1297 2716 1402 2768 muros,
1414 2702 1441 2757 ri
1463 2701 1580 2773 bnrgnrn
1600 2711 1739 2774 oeperunt.
1755 2702 1854 2759 Statim
1871 2707 1967 2761 adrer-

340 2798 483 2851 tendentes
494 2795 607 2864 insuper
624 2792 698 2864 quod
712 2794 818 2849 nulium
835 2793 954 2850 labimri
964 2803 1058 2851 essent
1067 2808 1132 2850 suc·
1181 2792 1249 2850 sarii
1272 2808 1302 2849 se
1326 2793 1354 2849 in
1381 2794 1563 2850 munitionem
1586 2804 1765 2867 receperunt,
1789 2796 1969 2868 ridentesque

339 2900 453 2942 cursum
468 2886 594 2942 acomite
605 2884 754 2952 Tolosauo,
765 2893 941 2941 tentaverunt
954 2901 1018 2943 cum
1028 2885 1132 2943 nostris
1182 2885 1258 2957 qnod
1270 2901 1328 2940 nou
1337 2893 1463 2956 poterant
1477 2885 1615 2952 resistere,
1627 2887 1796 2957 quaesierunt
1805 2902 1969 2959 pacempa·

338 2976 376 3034 tie
392 2977 603 3048 compositione,
618 2978 647 3032 iu
662 2977 737 3032 hune
751 2976 886 3032 modnmt
909 2976 1052 3033 liebebaut
1070 2977 1133 3033 red-
1181 2980 1235 3037 ruti
1254 2980 1368 3035 reddere
1391 2979 1573 3035 munitionem
1593 2979 1679 3043 illam,
1701 2979 1852 3035 dummodo
1870 2981 1968 3037 erade·

341 3071 407 3128 dere
424 3069 518 3127 comiti
534 3080 629 3127 nostro
645 3079 782 3136 castrum,
794 3069 943 3126 dummodo
958 3070 1012 3140 ipsi
1031 3070 1132 3125 evade·
1182 3080 1243 3127 reut
1257 3072 1310 3141 ipsi
1324 3071 1390 3137 risi,
1410 3070 1485 3141 qnod
1505 3085 1598 3129 comes
1621 3073 1777 3128 nullatenus
1794 3070 1970 3128 {temetole-

340 3171 407 3220 rent
426 3178 489 3219 cnm
514 3161 600 3218 armis
621 3161 691 3219 suis.
713 3159 773 3228 Quo
794 3159 899 3228 audito,
920 3160 1017 3216 babuit
1037 3176 1132 3217 coines
1180 3164 1230 3221 bat
1244 3183 1252 3220 z
1267 3173 1456 3221 verumtamen
1476 3163 1577 3221 timeus
1599 3180 1691 3222 comes
1706 3180 1739 3221 ne
1757 3163 1859 3219 furtive
1872 3162 1971 3220 erade·

341 3270 406 3312 cnm
420 3254 479 3312 suis
488 3254 645 3321 eonsilium,
658 3260 751 3310 utrum
760 3254 893 3324 reciperet
906 3252 1133 3324 compositionem
1181 3266 1225 3314 ret
1241 3259 1331 3314 dictus
1353 3258 1477 3326 traditor,
1495 3255 1630 3314 iiartinns
1648 3257 1775 3314 videlicet
1787 3256 1893 3326 algais,
1904 3271 1970 3326 pro·

340 3363 424 3420 uuam
439 3348 589 3404 adversarii
605 3347 765 3404 offerebant.
781 3346 959 3405 Atmndeutes
976 3359 1068 3404 antem
1082 3361 1167 3428 rio-c
1183 3358 1243 3420 pter
1265 3347 1346 3420 eujus
1368 3349 1534 3419 captionem,
1555 3363 1649 3405 comes
1670 3350 1806 3418 precipue
1827 3346 1972 3403 obsederat

339 3440 482 3511 estquod
500 3439 560 3496 iero
578 3454 675 3496 omues
707 3439 844 3511 peregrini
859 3450 938 3496 eraut
949 3440 1028 3509 qnasi
1045 3440 1074 3495 in
1086 3455 1132 3496 re·
1182 3449 1305 3498 castrum
1327 3441 1406 3508 illud,
1421 3440 1520 3496 obtulit
1539 3440 1704 3497 adversuiis
1723 3440 1835 3510 quodsi
1853 3439 1970 3495 tradito·

342 3549 441 3602 cursu,
459 3532 592 3603 completa
614 3532 718 3590 scilicet
737 3533 913 3604 quamagena
931 3547 998 3598 sua,
1014 3539 1042 3589 et
1058 3532 1133 3603 quod
1182 3548 1240 3590 rem
1264 3533 1342 3589 illurn
1366 3534 1395 3589 in
1416 3535 1545 3590 manibus
1561 3533 1622 3604 ejus
1638 3533 1784 3597 traderent,
1800 3531 1860 3603 ipse
1874 3547 1924 3589 eos
1936 3533 1972 3589 ab

341 3640 436 3683 comes
460 3634 613 3681 remaneret
638 3625 675 3681 ibi
697 3625 777 3696 quasi
804 3625 880 3681 solus
892 3641 901 3693 ;
923 3625 1131 3682 considerantes
1182 3625 1352 3681 imminentis
1375 3626 1471 3681 mortis
1495 3624 1622 3696 angustia
1638 3624 1777 3680 liberaret.
1790 3621 1852 3690 Quo
1866 3624 1970 3689 auditu,

342 3719 426 3775 etiam
446 3719 519 3789 quod
539 3717 579 3773 illi
600 3717 634 3773 de
652 3726 761 3785 castro,
780 3719 871 3774 adbuc
893 3733 943 3788 per
957 3717 1058 3774 multos
1072 3717 1132 3774 dies
1183 3719 1223 3774 ilii
1237 3718 1395 3774 aridissime
1407 3726 1565 3785 currerunt,
1580 3715 1782 3786 blartiunrnque
1796 3715 1973 3786 arripientes,

234 3874 240 3887 ,
341 3820 470 3887 poterant
484 3811 628 3879 resistere,
642 3812 794 3882 cogitantes
816 3811 928 3881 iusuper
944 3811 1020 3881 qnod
1039 3825 1134 3869 comes
1184 3809 1273 3881 ipsum
1295 3808 1389 3865 comiti
1409 3808 1579 3864 tradiderunt
1596 3826 1604 3862 ε
1620 3822 1701 3877 quem
1716 3821 1809 3862 coruos
1824 3806 1971 3876 arripiens,

343 3905 430 3961 multa
456 3904 510 3959 alia
535 3912 563 3959 et
582 3919 683 3974 magna
706 3904 861 3959 necessaria
887 3901 1004 3958 babebat
1026 3899 1132 3970 iacere;
1183 3900 1283 3956 obtulit
1296 3900 1321 3955 ei
1337 3898 1550 3967 contessionem,
1565 3899 1637 3956 sient
1651 3898 1714 3954 aliis
1728 3897 1868 3954 damnatis
1883 3896 1974 3955 iacere

341 3995 434 4053 biems
448 4010 513 4050 rero
535 3995 703 4062 imminebat,
715 3998 743 4050 in
763 4011 817 4066 qua
830 4003 1002 4065 nonpoterat
1014 3994 1134 4051 obsidio·
1183 4003 1364 4051 consueuerat
1385 3993 1428 4047 rir
1450 3993 1619 4058 catirolicns;
1644 4001 1707 4063 post
1727 3992 1786 4047 ltaee
1809 3992 1923 4063 ligatum
1939 3992 1974 4049 ad

340 4100 409 4149 nem
422 4094 525 4141 mucre.
1185 4087 1302 4149 caudam
1323 4086 1398 4156 enni,
1414 4101 1462 4157 per
1483 4087 1631 4142 exercitum
1648 4084 1764 4141 distralri
1779 4084 1854 4152 iecit,
1870 4085 1974 4142 distra-

343 4227 345 4231 .
381 4177 442 4245 liis,
461 4179 584 4248 inquam,
601 4177 729 4236 omnibns
750 4175 968 4249 circumspectis,
987 4177 1135 4235 consulue-
1184 4187 1314 4248 ctumquo
1329 4178 1410 4249 digne
1422 4192 1471 4248 pro
1484 4177 1589 4232 meritis
1600 4176 1724 4247 patibulo
1737 4175 1880 4246 suspendi.
1894 4174 1976 4231 lenit

340 4282 414 4342 ¹runt
428 4270 522 4327 comiti
537 4281 566 4327 ut
581 4271 765 4342 acquiesceret
785 4267 974 4340 compositioni
985 4284 1068 4340 quant
1083 4268 1134 4324 ad·
1184 4272 1222 4328 ibi
1233 4271 1269 4326 ad
1284 4285 1347 4325 eum
1360 4270 1460 4327 nobilis
1471 4269 1581 4340 qnidam
1597 4269 1724 4339 princeps
1734 4266 1879 4324 Vasconiae
1889 4265 1975 4325 Gssto

346 4365 464 4423 versarii
486 4365 646 4422 offerebant.
673 4365 753 4419 llrmo
781 4364 864 4434 igitur
890 4361 1024 4417 incarnati
1051 4359 1134 4416 Verbi
1184 4364 1219 4422 de
1232 4363 1349 4430 Bearno,
1365 4366 1449 4419 bomo
1469 4361 1676 4433 pessimus,qni
1696 4377 1803 4428 semper
1821 4362 1976 4417 adhaeserat

347 4458 429 4525 itte,
443 4474 536 4514 meuse
549 4456 625 4524 iulii,
639 4457 666 4513 in
681 4455 750 4512 lesto
763 4454 793 4511 S.
806 4454 914 4521 iacobi,
928 4454 1024 4526 ejectis
1037 4446 1135 4515 adrer-
1184 4457 1280 4514 comiti
1301 4455 1450 4522 Tolosam,
1464 4455 1587 4511 iacturus
1603 4455 1771 4525 colloquium
1787 4455 1822 4511 de
1834 4455 1975 4525 composi·

342 4551 441 4619 sartis,
456 4550 559 4621 recepit
580 4564 673 4606 comcs
698 4548 789 4604 nobile
811 4556 932 4604 castrum
952 4544 1062 4624 Peonae.
1086 4544 1136 4601 ltie
1184 4550 1259 4606 tione
1277 4568 1284 4605 ε
1300 4564 1393 4606 comes
1413 4556 1506 4604 nutem
1526 4557 1630 4615 noster,
1646 4547 1710 4618 quia
1727 4547 1786 4618 ipsa
1801 4546 1847 4603 die
1861 4562 1977 4618 compo·

346 4654 437 4701 autern
457 4644 577 4699 crastina
597 4640 754 4712 supervenit
767 4639 932 4696 reiterabills
947 4638 1135 4711 archiepisco·
1186 4657 1251 4699 nere
1264 4642 1455 4712 nequiverunt,
1469 4641 1585 4697 alterurn
1600 4641 1624 4696 ei
1640 4639 1712 4696 diem
1733 4641 1884 4711 assignavit
1903 4636 1976 4710 apud

345 4754 398 4810 pus
413 4737 557 4794 lisoiensis
576 4737 731 4803 albericus,
745 4737 787 4791 sir
810 4734 903 4790 multat
926 4732 1068 4799 bonitatis,
1086 4729 1134 4802 qui
1150 4719 1340 4806 DAginnuru3
1357 4734 1405 4790 sed
1425 4733 1471 4789 ille
1489 4733 1566 4804 pacis
1580 4732 1751 4800 inimicust
1766 4731 1977 4802 compositionis
2002 4728 2007 4736 '

346 4831 486 4901 rregotinm
506 4829 572 4886 iesu
594 4829 698 4886 Cbristi
723 4827 901 4884 devotissimo
925 4823 1133 4896 amplexabatur
1184 4835 1265 4898 pacto
1278 4826 1416 4893 resiliens,
1429 4826 1464 4882 ad
1487 4826 1561 4881 diem
1583 4826 1657 4881 illam
1675 4825 1768 4882 retrire
1789 4825 1889 4882 uoluit.
1906 4824 1977 4879 Dura

347 4918 458 4987 affectu
473 4920 604 4991 venitque
619 4934 683 4977 cum
698 4934 731 4975 eo
745 4927 841 4974 cantor
857 4916 1012 4984 flamensis,
1028 4924 1056 4973 et
1071 4915 1135 4986 etti·
1186 4920 1246 4976 lraec
1270 4927 1427 4990 agerentur,
1448 4918 1550 4975 nobilis
1570 4919 1713 4975 eomitissa
1727 4917 1935 4985 bicinis-lortis,
1949 4924 1979 4973 et

344 5012 412 5072 ¹daur
432 5011 481 5067 alii
502 5012 661 5083 peregrini:
679 5027 733 5066 oon
754 5011 892 5067 credimus
913 5017 1005 5066 tutem
1025 5007 1135 5079 tutiori·
1184 5010 1910 5085 renerabilisepiscopusCarcassoneusisetegocum
1929 5025 1976 5078 eo,

348 5107 478 5161 mendum
491 5104 576 5176 quod,
588 5105 653 5161 dum
665 5113 738 5161 esset
748 5119 840 5160 comes
850 5104 980 5161 nosterin
992 5101 1135 5179 obsidione
1186 5122 1203 5164 a
1218 5107 1342 5180 partibus
1357 5105 1535 5163 darmannum
1548 5105 1762 5176 properabamus
1776 5102 1810 5158 ad
1825 5104 1976 5171 comitem,

349 5193 459 5263 Pennas,
481 5195 585 5266 rogarii
604 5195 751 5251 liebertum
773 5193 1007 5261 llalumrieinum,
1027 5202 1058 5249 ut
1077 5193 1136 5266 ipse
1187 5202 1319 5260 habentes
1334 5201 1478 5258 uobiscum
1500 5215 1601 5271 paucos
1618 5206 1792 5269 paupereset
1807 5197 1978 5267 peregrinor,¹

349 5293 474 5359 pergeret
496 5285 532 5340 ad
557 5285 704 5358 qnamdam
727 5285 819 5342 sillam
837 5286 916 5341 ualde
940 5284 1070 5352 nobilem,
1087 5297 1136 5338 no·
1224 5293 1281 5352 Nec
1292 5294 1427 5351 silendum
1442 5293 1516 5364 quod
1529 5293 1595 5348 dum
1609 5291 1758 5362 pergimus,
1772 5289 1852 5346 multi
1866 5289 1903 5346 ds
1916 5303 1979 5360 per·

350 5381 424 5437 111111θ
437 5379 636 5449 11111111111111,
652 5397 713 5452 ¹11¹ae
730 5379 821 5438 iuerat
832 5381 942 5438 10111111
956 5380 1073 5446 T0¹0⁸aet
1088 5395 1136 5437 ¹¹⁰·
1189 5392 1292 5463 egrinis
1311 5391 1425 5454 nostris,
1439 5397 1550 5460 propter
1563 5388 1682 5443 calorem
1700 5380 1932 5442 ierreutissim'uns
1950 5391 1980 5440 et

351 5477 508 5548 sidereique
522 5491 584 5533 enm
606 5491 641 5533 11
657 5485 734 5559 little
748 5475 856 5532 101111ῑί1
870 5475 958 5533 1105111
976 5483 1003 5532 0¹
1017 5474 1139 5532 1111111111·
1189 5485 1353 5543 arduitatem
1366 5483 1426 5548 rias,
1439 5480 1602 5538 deliniebant
1619 5480 1647 5536 iu
1669 5480 1713 5536 ria
1727 5499 1734 5535 :
1749 5478 1915 5536 uenerabilis
1927 5469 1979 5533 an-

350 5580 416 5626 ret:
433 5570 475 5624 rir
491 5578 583 5626 autern
598 5568 798 5638 nobilissimus,
809 5569 873 5626 iicet
884 5569 1047 5642 gratissima
1063 5566 1140 5624 infir·
1192 5589 1246 5635 gem
1263 5576 1492 5635 cgrfflgsopepgls
1505 5576 1651 5644 epiucupus
1665 5585 1692 5629 et
1706 5573 1808 5629 nubilis
1823 5572 1978 5637 comitissa,

351 5664 447 5720 1111111111
470 5662 621 5730 1111011111,
646 5676 702 5719 111111
723 5660 1139 5730 11111111111101θ111ο111111·
1191 5686 1288 5729 corum
1311 5669 1399 5728 dolori
1422 5666 1630 5739 compatientes,
1644 5677 1692 5722 eos
1713 5675 1770 5721 tota
1787 5664 1831 5721 die
1853 5665 1883 5719 in
1898 5662 1979 5733 equit

351 5755 495 5811 ”ieelim
526 5755 698 5826 l¹¹'1¹³ii¹¹¹¹¹0¹¹s
727 5755 933 5824 issfifmiiaiems
963 5755 1079 5812 1111111111
1107 5771 1140 5812 ¹¹0
1192 5762 1260 5830 suis,
1274 5770 1350 5820 retro
1370 5774 1401 5817 sc
1418 5757 1616 5830 deportabant;
1632 5755 1889 5828 aliquandoctiam,
1904 5763 1979 5810 uter¹

351 5846 501 5905 liberaliter
516 5849 663 5921 acquievit.
681 5847 732 5906 ilie
752 5859 795 5906 est
812 5850 886 5907 enirn
900 5850 935 5906 de
948 5849 1029 5921 cujus
1043 5850 1140 5920 praei·
1191 5856 1390 5928 qneipsorum,
1400 5851 1547 5924 episcopus
1557 5851 1683 5908 uidelicet
1693 5849 1884 5912 etcomitissa,
1896 5861 1979 5916 super

355 5961 408 6016 pne
421 5946 620 6017 circumspecta
631 5944 811 6016 providentia,
823 5944 1059 6016 saluberrimoque
1073 5958 1141 5999 cou-
1192 5963 1295 6018 cqnum
1308 5960 1388 6003 suum
1403 5943 1474 6000 rinos
1493 5943 1578 5999 leuari
1592 5942 1729 6000 iaciebant
1743 5941 1912 6013 peregrinos,
1926 5938 1979 6009 ipsi

357 6036 419 6115 silio
443 6038 576 6109 madebat
602 6053 705 6109 comes,
719 6039 776 6097 imo
800 6046 888 6096 toturn
910 6036 1050 6110 emonem
1073 6034 1140 6096 iesu
1194 6046 1285 6097 anum
1309 6034 1413 6110 pedites
1436 6031 1608 6095 incedebant.
1633 6031 1656 6091 0
1678 6033 1833 6107 compassio
1850 6031 1895 6103 pla
1917 6028 1979 6100 opi·
