<?xml version="1.0" encoding="UTF-8"?>
<!DOCTYPE html PUBLIC "-//W3C//DTD XHTML 1.0 Transitional//EN"
    "http://www.w3.org/TR/xhtml1/DTD/xhtml1-transitional.dtd">
<html xmlns="http://www.w3.org/1999/xhtml" xml:lang="en" lang="en">
 <head>
  <title>
</title>
<meta http-equiv="Content-Type" content="text/html;charset=utf-8" />
  <meta name='ocr-system' content='tesseract 3.04.00' />
  <meta name='ocr-capabilities' content='ocr_page ocr_carea ocr_par ocr_line ocrx_word'/>
</head>
<body>
  <div class='ocr_page' id='page_1' title='image "./patrologiaecurs78unkngoog_0284.png"; bbox 0 0 4350 6709; ppageno 0'>
   <div class='ocr_carea' id='block_1_1' title="bbox 357 542 1992 609">
    <p class='ocr_par' dir='ltr' id='par_1_1' title="bbox 357 542 1992 609">
     <span class='ocr_line' id='line_1_1' title="bbox 357 542 1992 609; baseline -0.003 -2"><span class='ocrx_word' id='word_1_1' title='bbox 357 550 410 609; x_wconf 71' lang='grc'>559</span> <span class='ocrx_word' id='word_1_2' title='bbox 873 548 976 603; x_wconf 74' lang='lat' dir='ltr'>remu</span> <span class='ocrx_word' id='word_1_3' title='bbox 997 548 1121 604; x_wconf 73' lang='lat' dir='ltr'>t&#39;dtLts</span> <span class='ocrx_word' id='word_1_4' title='bbox 1139 545 1279 604; x_wconf 71' lang='lat' dir='ltr'>tttihn&#39;tttt</span> <span class='ocrx_word' id='word_1_5' title='bbox 1297 542 1452 601; x_wconf 74' lang='lat' dir='ltr'>tt0h&#39;tcttt</span> <span class='ocrx_word' id='word_1_6' title='bbox 1936 546 1992 602; x_wconf 77' lang='grc'>560</span> 
     </span>
    </p>
   </div>
   <div class='ocr_carea' id='block_1_2' title="bbox 290 661 1993 4833">
    <p class='ocr_par' dir='ltr' id='par_1_2' title="bbox 343 661 1993 3247">
     <span class='ocr_line' id='line_1_2' title="bbox 355 661 1991 743; baseline -0.009 -11"><span class='ocrx_word' id='word_1_7' title='bbox 355 673 471 732; x_wconf 80' lang='lat' dir='ltr'>mendas</span> <span class='ocrx_word' id='word_1_8' title='bbox 490 672 598 728; x_wconf 89' lang='lat' dir='ltr'>animas</span> <span class='ocrx_word' id='word_1_9' title='bbox 617 670 727 743; x_wconf 67' lang='lat' dir='ltr'>linguas</span> <span class='ocrx_word' id='word_1_10' title='bbox 750 680 864 739; x_wconf 89' lang='lat' dir='ltr'>acuunt,</span> <span class='ocrx_word' id='word_1_11' title='bbox 886 685 981 726; x_wconf 88' lang='lat' dir='ltr'>rerum</span> <span class='ocrx_word' id='word_1_12' title='bbox 1008 668 1092 726; x_wconf 88' lang='lat' dir='ltr'>ctiam</span> <span class='ocrx_word' id='word_1_13' title='bbox 1114 668 1148 723; x_wconf 91' lang='lat' dir='ltr'>ad</span> <span class='ocrx_word' id='word_1_14' title='bbox 1164 674 1185 730; x_wconf 71' lang='grc' dir='ltr'><strong>Α</strong></span> <span class='ocrx_word' id='word_1_15' title='bbox 1201 665 1297 721; x_wconf 92' lang='lat' dir='ltr'>bribns</span> <span class='ocrx_word' id='word_1_16' title='bbox 1313 664 1426 742; x_wconf 89' lang='lat' dir='ltr'>monitis</span> <span class='ocrx_word' id='word_1_17' title='bbox 1446 670 1474 718; x_wconf 89' lang='lat' dir='ltr'>et</span> <span class='ocrx_word' id='word_1_18' title='bbox 1488 662 1627 720; x_wconf 88' lang='lat' dir='ltr'>mandatis</span> <span class='ocrx_word' id='word_1_19' title='bbox 1641 663 1787 719; x_wconf 83' lang='lat' dir='ltr'>efficaciter</span> <span class='ocrx_word' id='word_1_20' title='bbox 1805 661 1991 725; x_wconf 85' lang='lat' dir='ltr'>intendentes,</span> 
     </span>
     <span class='ocr_line' id='line_1_3' title="bbox 355 754 1991 841; baseline -0.009 -17"><span class='ocrx_word' id='word_1_21' title='bbox 355 766 491 841; x_wconf 87' lang='lat' dir='ltr'>perdenda</span> <span class='ocrx_word' id='word_1_22' title='bbox 507 778 625 834; x_wconf 90' lang='lat' dir='ltr'>corpora</span> <span class='ocrx_word' id='word_1_23' title='bbox 638 779 737 819; x_wconf 89' lang='lat' dir='ltr'>manus</span> <span class='ocrx_word' id='word_1_24' title='bbox 752 761 905 819; x_wconf 87' lang='lat' dir='ltr'>extendunt</span> <span class='ocrx_word' id='word_1_25' title='bbox 923 760 1073 833; x_wconf 79' lang='lat' dir='ltr'>prolisores</span> <span class='ocrx_word' id='word_1_26' title='bbox 1085 758 1147 814; x_wconf 89' lang='lat' dir='ltr'>ani·</span> <span class='ocrx_word' id='word_1_27' title='bbox 1199 771 1330 830; x_wconf 81' lang='lat' dir='ltr'>tanquam</span> <span class='ocrx_word' id='word_1_28' title='bbox 1342 756 1525 814; x_wconf 77' lang='lat' dir='ltr'>strenuissimi</span> <span class='ocrx_word' id='word_1_29' title='bbox 1538 757 1742 839; x_wconf 82' lang='lat' dir='ltr'>commilitones</span> <span class='ocrx_word' id='word_1_30' title='bbox 1757 755 1887 811; x_wconf 78' lang='lat' dir='ltr'>assistent</span> <span class='ocrx_word' id='word_1_31' title='bbox 1898 754 1991 810; x_wconf 85' lang='lat' dir='ltr'>eidem</span> 
     </span>
     <span class='ocr_line' id='line_1_4' title="bbox 354 846 1993 926; baseline -0.01 -10"><span class='ocrx_word' id='word_1_32' title='bbox 354 872 461 916; x_wconf 80' lang='lat' dir='ltr'>enarum</span> <span class='ocrx_word' id='word_1_33' title='bbox 473 855 573 923; x_wconf 84' lang='lat' dir='ltr'>effecti,</span> <span class='ocrx_word' id='word_1_34' title='bbox 588 864 778 925; x_wconf 89' lang='lat' dir='ltr'>etcorporum</span> <span class='ocrx_word' id='word_1_35' title='bbox 793 862 991 926; x_wconf 74' lang='lat' dir='ltr'>peremptores.</span> <span class='ocrx_word' id='word_1_36' title='bbox 1007 851 1084 908; x_wconf 81' lang='lat' dir='ltr'>iicet</span> <span class='ocrx_word' id='word_1_37' title='bbox 1098 868 1148 907; x_wconf 86' lang='lat' dir='ltr'>an·</span> <span class='ocrx_word' id='word_1_38' title='bbox 1198 854 1225 907; x_wconf 91' lang='lat' dir='ltr'>in</span> <span class='ocrx_word' id='word_1_39' title='bbox 1241 851 1381 917; x_wconf 91' lang='lat' dir='ltr'>onmibns,</span> <span class='ocrx_word' id='word_1_40' title='bbox 1395 866 1457 922; x_wconf 85' lang='lat' dir='ltr'>qnae</span> <span class='ocrx_word' id='word_1_41' title='bbox 1468 857 1581 921; x_wconf 86' lang='lat' dir='ltr'>propter</span> <span class='ocrx_word' id='word_1_42' title='bbox 1596 850 1654 905; x_wconf 80' lang='lat' dir='ltr'>brec</span> <span class='ocrx_word' id='word_1_43' title='bbox 1671 849 1740 920; x_wconf 89' lang='lat' dir='ltr'>ipsis</span> <span class='ocrx_word' id='word_1_44' title='bbox 1754 846 1883 903; x_wconf 89' lang='lat' dir='ltr'>duxerint</span> <span class='ocrx_word' id='word_1_45' title='bbox 1896 847 1993 917; x_wconf 73' lang='lat' dir='ltr'>intinn—</span> 
     </span>
     <span class='ocr_line' id='line_1_5' title="bbox 353 940 1992 1023; baseline -0.009 -15"><span class='ocrx_word' id='word_1_46' title='bbox 353 964 407 1008; x_wconf 89' lang='lat' dir='ltr'>tem</span> <span class='ocrx_word' id='word_1_47' title='bbox 423 947 661 1023; x_wconf 75' lang='lat' dir='ltr'>praefatuscomes</span> <span class='ocrx_word' id='word_1_48' title='bbox 677 963 728 1019; x_wconf 92' lang='lat' dir='ltr'>pro</span> <span class='ocrx_word' id='word_1_49' title='bbox 745 947 840 1002; x_wconf 87' lang='lat' dir='ltr'>multis</span> <span class='ocrx_word' id='word_1_50' title='bbox 855 955 883 1001; x_wconf 91' lang='lat' dir='ltr'>et</span> <span class='ocrx_word' id='word_1_51' title='bbox 904 945 1012 1017; x_wconf 88' lang='lat' dir='ltr'>mugnis</span> <span class='ocrx_word' id='word_1_52' title='bbox 1026 943 1146 1014; x_wconf 83' lang='lat' dir='ltr'>flagitiis,</span> <span class='ocrx_word' id='word_1_53' title='bbox 1198 944 1296 1016; x_wconf 89' lang='lat' dir='ltr'>gemla,</span> <span class='ocrx_word' id='word_1_54' title='bbox 1318 943 1436 999; x_wconf 86' lang='lat' dir='ltr'>seientes</span> <span class='ocrx_word' id='word_1_55' title='bbox 1461 943 1534 1014; x_wconf 89' lang='lat' dir='ltr'>quod</span> <span class='ocrx_word' id='word_1_56' title='bbox 1560 943 1723 998; x_wconf 89' lang='lat' dir='ltr'>sententiam</span> <span class='ocrx_word' id='word_1_57' title='bbox 1747 956 1830 1012; x_wconf 89' lang='lat' dir='ltr'>quam</span> <span class='ocrx_word' id='word_1_58' title='bbox 1857 940 1910 1010; x_wconf 92' lang='lat' dir='ltr'>ipsi</span> <span class='ocrx_word' id='word_1_59' title='bbox 1933 955 1992 995; x_wconf 88' lang='lat' dir='ltr'>non</span> 
     </span>
     <span class='ocr_line' id='line_1_6' title="bbox 352 1036 1990 1116; baseline -0.005 -18"><span class='ocrx_word' id='word_1_60' title='bbox 352 1060 414 1116; x_wconf 82' lang='lat' dir='ltr'>qnae</span> <span class='ocrx_word' id='word_1_61' title='bbox 432 1043 543 1113; x_wconf 90' lang='lat' dir='ltr'>longum</span> <span class='ocrx_word' id='word_1_62' title='bbox 560 1050 635 1097; x_wconf 90' lang='lat' dir='ltr'>essct</span> <span class='ocrx_word' id='word_1_63' title='bbox 646 1056 694 1113; x_wconf 87' lang='lat' dir='ltr'>per</span> <span class='ocrx_word' id='word_1_64' title='bbox 717 1040 811 1095; x_wconf 89' lang='lat' dir='ltr'>omniu</span> <span class='ocrx_word' id='word_1_65' title='bbox 826 1055 971 1103; x_wconf 87' lang='lat' dir='ltr'>enarrare,</span> <span class='ocrx_word' id='word_1_66' title='bbox 983 1038 1146 1109; x_wconf 84' lang='lat' dir='ltr'>jamdudum</span> <span class='ocrx_word' id='word_1_67' title='bbox 1197 1039 1285 1094; x_wconf 92' lang='lat' dir='ltr'>solum</span> <span class='ocrx_word' id='word_1_68' title='bbox 1303 1039 1330 1093; x_wconf 92' lang='lat' dir='ltr'>in</span> <span class='ocrx_word' id='word_1_69' title='bbox 1347 1038 1473 1105; x_wconf 82' lang='lat' dir='ltr'>rebelles,</span> <span class='ocrx_word' id='word_1_70' title='bbox 1489 1038 1633 1093; x_wconf 87' lang='lat' dir='ltr'>sedetiam</span> <span class='ocrx_word' id='word_1_71' title='bbox 1650 1038 1677 1092; x_wconf 91' lang='lat' dir='ltr'>in</span> <span class='ocrx_word' id='word_1_72' title='bbox 1691 1036 1801 1092; x_wconf 87' lang='lat' dir='ltr'>desides</span> <span class='ocrx_word' id='word_1_73' title='bbox 1824 1036 1990 1107; x_wconf 79' lang='lat' dir='ltr'>promulga-</span> 
     </span>
     <span class='ocr_line' id='line_1_7' title="bbox 352 1126 1992 1205; baseline -0.005 -14"><span class='ocrx_word' id='word_1_74' title='bbox 352 1138 389 1192; x_wconf 90' lang='lat' dir='ltr'>sit</span> <span class='ocrx_word' id='word_1_75' title='bbox 417 1134 602 1191; x_wconf 88' lang='lat' dir='ltr'>arrathematis</span> <span class='ocrx_word' id='word_1_76' title='bbox 628 1145 762 1191; x_wconf 89' lang='lat' dir='ltr'>mucrone</span> <span class='ocrx_word' id='word_1_77' title='bbox 784 1148 946 1205; x_wconf 86' lang='lat' dir='ltr'>percussus,</span> <span class='ocrx_word' id='word_1_78' title='bbox 973 1131 1038 1202; x_wconf 88' lang='lat' dir='ltr'>quia</span> <span class='ocrx_word' id='word_1_79' title='bbox 1055 1143 1145 1187; x_wconf 88' lang='lat' dir='ltr'>tumen</span> <span class='ocrx_word' id='word_1_80' title='bbox 1196 1134 1298 1199; x_wconf 89' lang='lat' dir='ltr'>verint,</span> <span class='ocrx_word' id='word_1_81' title='bbox 1318 1147 1370 1187; x_wconf 90' lang='lat' dir='ltr'>nos</span> <span class='ocrx_word' id='word_1_82' title='bbox 1390 1142 1478 1187; x_wconf 90' lang='lat' dir='ltr'>ratam</span> <span class='ocrx_word' id='word_1_83' title='bbox 1501 1130 1595 1186; x_wconf 88' lang='lat' dir='ltr'>haberi</span> <span class='ocrx_word' id='word_1_84' title='bbox 1612 1129 1787 1200; x_wconf 73' lang='lat' dir='ltr'>precipimus</span> <span class='ocrx_word' id='word_1_85' title='bbox 1801 1137 1829 1184; x_wconf 93' lang='lat' dir='ltr'>et</span> <span class='ocrx_word' id='word_1_86' title='bbox 1843 1126 1992 1183; x_wconf 89' lang='lat' dir='ltr'>inviolabi-</span> 
     </span>
     <span class='ocr_line' id='line_1_8' title="bbox 351 1222 1990 1297; baseline -0.005 -13"><span class='ocrx_word' id='word_1_87' title='bbox 351 1228 435 1284; x_wconf 90' lang='lat' dir='ltr'>certis</span> <span class='ocrx_word' id='word_1_88' title='bbox 451 1226 571 1292; x_wconf 88' lang='lat' dir='ltr'>irniieiis,</span> <span class='ocrx_word' id='word_1_89' title='bbox 590 1226 688 1282; x_wconf 91' lang='lat' dir='ltr'>mortis</span> <span class='ocrx_word' id='word_1_90' title='bbox 706 1225 793 1281; x_wconf 90' lang='lat' dir='ltr'>saneti</span> <span class='ocrx_word' id='word_1_91' title='bbox 818 1224 871 1281; x_wconf 90' lang='lat' dir='ltr'>viri</span> <span class='ocrx_word' id='word_1_92' title='bbox 894 1225 1071 1297; x_wconf 73' lang='lat' dir='ltr'>presumitur</span> <span class='ocrx_word' id='word_1_93' title='bbox 1084 1240 1146 1281; x_wconf 90' lang='lat' dir='ltr'>csse</span> <span class='ocrx_word' id='word_1_94' title='bbox 1196 1227 1258 1283; x_wconf 87' lang='lat' dir='ltr'>liter</span> <span class='ocrx_word' id='word_1_95' title='bbox 1270 1226 1422 1284; x_wconf 87' lang='lat' dir='ltr'>observari.</span> <span class='ocrx_word' id='word_1_96' title='bbox 1437 1226 1484 1281; x_wconf 82' lang='lat' dir='ltr'>Eia</span> <span class='ocrx_word' id='word_1_97' title='bbox 1501 1225 1586 1296; x_wconf 89' lang='lat' dir='ltr'>igitur</span> <span class='ocrx_word' id='word_1_98' title='bbox 1599 1222 1701 1279; x_wconf 79' lang='lat' dir='ltr'>Christi</span> <span class='ocrx_word' id='word_1_99' title='bbox 1713 1222 1826 1287; x_wconf 87' lang='lat' dir='ltr'>milites,</span> <span class='ocrx_word' id='word_1_100' title='bbox 1847 1222 1888 1277; x_wconf 90' lang='lat' dir='ltr'>eia</span> <span class='ocrx_word' id='word_1_101' title='bbox 1914 1231 1990 1277; x_wconf 86' lang='lat' dir='ltr'>stre·</span> 
     </span>
     <span class='ocr_line' id='line_1_9' title="bbox 350 1314 1991 1388; baseline -0.001 -16"><span class='ocrx_word' id='word_1_102' title='bbox 350 1334 427 1380; x_wconf 85' lang='lat' dir='ltr'>reus,</span> <span class='ocrx_word' id='word_1_103' title='bbox 444 1333 499 1373; x_wconf 92' lang='lat' dir='ltr'>non</span> <span class='ocrx_word' id='word_1_104' title='bbox 518 1318 607 1373; x_wconf 92' lang='lat' dir='ltr'>solum</span> <span class='ocrx_word' id='word_1_105' title='bbox 621 1333 653 1371; x_wconf 88' lang='lat' dir='ltr'>er</span> <span class='ocrx_word' id='word_1_106' title='bbox 676 1332 710 1372; x_wconf 90' lang='lat' dir='ltr'>eo</span> <span class='ocrx_word' id='word_1_107' title='bbox 730 1317 805 1387; x_wconf 93' lang='lat' dir='ltr'>quod</span> <span class='ocrx_word' id='word_1_108' title='bbox 828 1316 938 1388; x_wconf 91' lang='lat' dir='ltr'>publice</span> <span class='ocrx_word' id='word_1_109' title='bbox 960 1316 1146 1373; x_wconf 89' lang='lat' dir='ltr'>comminatus</span> <span class='ocrx_word' id='word_1_110' title='bbox 1196 1314 1243 1377; x_wconf 86' lang='lat' dir='ltr'>nui</span> <span class='ocrx_word' id='word_1_111' title='bbox 1258 1320 1363 1377; x_wconf 82' lang='lat' dir='ltr'>militiae</span> <span class='ocrx_word' id='word_1_112' title='bbox 1375 1320 1541 1376; x_wconf 76' lang='lat' dir='ltr'>Christiane</span> <span class='ocrx_word' id='word_1_113' title='bbox 1555 1318 1669 1384; x_wconf 91' lang='lat' dir='ltr'>tirones,</span> <span class='ocrx_word' id='word_1_114' title='bbox 1683 1325 1792 1371; x_wconf 88' lang='lat' dir='ltr'>moveat</span> <span class='ocrx_word' id='word_1_115' title='bbox 1805 1329 1854 1371; x_wconf 89' lang='lat' dir='ltr'>vos</span> <span class='ocrx_word' id='word_1_116' title='bbox 1869 1330 1991 1387; x_wconf 87' lang='lat' dir='ltr'>genera-</span> 
     </span>
     <span class='ocr_line' id='line_1_10' title="bbox 350 1408 1989 1485; baseline 0 -21"><span class='ocrx_word' id='word_1_117' title='bbox 350 1410 433 1465; x_wconf 89' lang='lat' dir='ltr'>estei</span> <span class='ocrx_word' id='word_1_118' title='bbox 456 1420 574 1465; x_wconf 89' lang='lat' dir='ltr'>mortem</span> <span class='ocrx_word' id='word_1_119' title='bbox 591 1419 619 1464; x_wconf 90' lang='lat' dir='ltr'>et</span> <span class='ocrx_word' id='word_1_120' title='bbox 637 1409 752 1466; x_wconf 88' lang='lat' dir='ltr'>insidias</span> <span class='ocrx_word' id='word_1_121' title='bbox 778 1411 886 1481; x_wconf 87' lang='lat' dir='ltr'>paravit</span> <span class='ocrx_word' id='word_1_122' title='bbox 912 1409 1014 1484; x_wconf 86' lang='lat' dir='ltr'>¹eidem,</span> <span class='ocrx_word' id='word_1_123' title='bbox 1048 1426 1145 1469; x_wconf 85' lang='lat' dir='ltr'>rerum</span> <span class='ocrx_word' id='word_1_124' title='bbox 1195 1414 1229 1471; x_wconf 91' lang='lat' dir='ltr'>lis</span> <span class='ocrx_word' id='word_1_125' title='bbox 1244 1412 1372 1471; x_wconf 83' lang='lat' dir='ltr'>Ecclesiae</span> <span class='ocrx_word' id='word_1_126' title='bbox 1385 1413 1520 1485; x_wconf 79' lang='lat' dir='ltr'>gemitus3</span> <span class='ocrx_word' id='word_1_127' title='bbox 1539 1411 1688 1468; x_wconf 88' lang='lat' dir='ltr'>succendat</span> <span class='ocrx_word' id='word_1_128' title='bbox 1700 1426 1751 1466; x_wconf 89' lang='lat' dir='ltr'>vos</span> <span class='ocrx_word' id='word_1_129' title='bbox 1766 1411 1799 1466; x_wconf 89' lang='lat' dir='ltr'>ad</span> <span class='ocrx_word' id='word_1_130' title='bbox 1816 1418 1921 1465; x_wconf 88' lang='lat' dir='ltr'>tentam</span> <span class='ocrx_word' id='word_1_131' title='bbox 1940 1408 1989 1464; x_wconf 82' lang='lat' dir='ltr'>bet</span> 
     </span>
     <span class='ocr_line' id='line_1_11' title="bbox 350 1501 1990 1577; baseline 0.001 -21"><span class='ocrx_word' id='word_1_132' title='bbox 350 1502 433 1557; x_wconf 91' lang='lat' dir='ltr'>etiam</span> <span class='ocrx_word' id='word_1_133' title='bbox 452 1517 486 1557; x_wconf 89' lang='lat' dir='ltr'>ex</span> <span class='ocrx_word' id='word_1_134' title='bbox 500 1517 534 1557; x_wconf 91' lang='lat' dir='ltr'>eo</span> <span class='ocrx_word' id='word_1_135' title='bbox 550 1503 623 1573; x_wconf 89' lang='lat' dir='ltr'>quod</span> <span class='ocrx_word' id='word_1_136' title='bbox 645 1502 798 1559; x_wconf 86' lang='lat' dir='ltr'>occisorem</span> <span class='ocrx_word' id='word_1_137' title='bbox 821 1504 908 1575; x_wconf 89' lang='lat' dir='ltr'>ipsius</span> <span class='ocrx_word' id='word_1_138' title='bbox 924 1503 952 1558; x_wconf 92' lang='lat' dir='ltr'>in</span> <span class='ocrx_word' id='word_1_139' title='bbox 974 1504 1088 1560; x_wconf 82' lang='lat' dir='ltr'>muitmn</span> <span class='ocrx_word' id='word_1_140' title='bbox 1105 1504 1145 1560; x_wconf 82' lang='lat' dir='ltr'>fa·</span> <span class='ocrx_word' id='word_1_141' title='bbox 1194 1508 1282 1565; x_wconf 90' lang='lat' dir='ltr'>nostri</span> <span class='ocrx_word' id='word_1_142' title='bbox 1296 1506 1487 1563; x_wconf 89' lang='lat' dir='ltr'>vindicandam</span> <span class='ocrx_word' id='word_1_143' title='bbox 1503 1504 1632 1577; x_wconf 77' lang='lat' dir='ltr'>iniuriam</span> <span class='ocrx_word' id='word_1_144' title='bbox 1647 1504 1708 1576; x_wconf 90' lang='lat' dir='ltr'>pius</span> <span class='ocrx_word' id='word_1_145' title='bbox 1721 1503 1807 1559; x_wconf 78' lang='lat' dir='ltr'>seius.</span> <span class='ocrx_word' id='word_1_146' title='bbox 1821 1501 1990 1557; x_wconf 77' lang='lat' dir='ltr'>Mementote</span> 
     </span>
     <span class='ocr_line' id='line_1_12' title="bbox 350 1594 1988 1669; baseline 0.001 -21"><span class='ocrx_word' id='word_1_147' title='bbox 350 1594 539 1649; x_wconf 88' lang='lat' dir='ltr'>ruiliaritatenr</span> <span class='ocrx_word' id='word_1_148' title='bbox 552 1594 675 1659; x_wconf 82' lang='lat' dir='ltr'>admisit,</span> <span class='ocrx_word' id='word_1_149' title='bbox 689 1604 717 1650; x_wconf 92' lang='lat' dir='ltr'>et</span> <span class='ocrx_word' id='word_1_150' title='bbox 729 1596 836 1668; x_wconf 87' lang='lat' dir='ltr'>magnis</span> <span class='ocrx_word' id='word_1_151' title='bbox 852 1595 933 1652; x_wconf 90' lang='lat' dir='ltr'>donis</span> <span class='ocrx_word' id='word_1_152' title='bbox 956 1599 1145 1655; x_wconf 77' lang='lat' dir='ltr'>remuneravit</span> <span class='ocrx_word' id='word_1_153' title='bbox 1193 1602 1258 1669; x_wconf 90' lang='lat' dir='ltr'>quia</span> <span class='ocrx_word' id='word_1_154' title='bbox 1273 1600 1386 1656; x_wconf 90' lang='lat' dir='ltr'>Creator</span> <span class='ocrx_word' id='word_1_155' title='bbox 1411 1607 1505 1655; x_wconf 89' lang='lat' dir='ltr'>noster</span> <span class='ocrx_word' id='word_1_156' title='bbox 1531 1598 1617 1653; x_wconf 89' lang='lat' dir='ltr'>nostri</span> <span class='ocrx_word' id='word_1_157' title='bbox 1640 1613 1694 1652; x_wconf 91' lang='lat' dir='ltr'>non</span> <span class='ocrx_word' id='word_1_158' title='bbox 1711 1596 1838 1668; x_wconf 89' lang='lat' dir='ltr'>indiguit,</span> <span class='ocrx_word' id='word_1_159' title='bbox 1854 1610 1919 1651; x_wconf 90' lang='lat' dir='ltr'>cum</span> <span class='ocrx_word' id='word_1_160' title='bbox 1934 1608 1988 1649; x_wconf 86' lang='lat' dir='ltr'>nos</span> 
     </span>
     <span class='ocr_line' id='line_1_13' title="bbox 349 1686 1986 1763; baseline -0.002 -20"><span class='ocrx_word' id='word_1_161' title='bbox 349 1688 488 1754; x_wconf 91' lang='lat' dir='ltr'>eumdem,</span> <span class='ocrx_word' id='word_1_162' title='bbox 505 1696 535 1743; x_wconf 91' lang='grc' dir='ltr'>ιι</span> <span class='ocrx_word' id='word_1_163' title='bbox 549 1689 583 1743; x_wconf 90' lang='lat' dir='ltr'>de</span> <span class='ocrx_word' id='word_1_164' title='bbox 598 1689 705 1744; x_wconf 79' lang='lat' dir='ltr'>caeteris</span> <span class='ocrx_word' id='word_1_165' title='bbox 718 1690 979 1761; x_wconf 73' lang='lat' dir='ltr'>presumptionibus</span> <span class='ocrx_word' id='word_1_166' title='bbox 991 1699 1143 1759; x_wconf 86' lang='lat' dir='ltr'>taceamus,</span> <span class='ocrx_word' id='word_1_167' title='bbox 1193 1691 1258 1748; x_wconf 91' lang='lat' dir='ltr'>fecit</span> <span class='ocrx_word' id='word_1_168' title='bbox 1274 1707 1281 1749; x_wconf 75' lang='grc' dir='ltr'>ι</span> <span class='ocrx_word' id='word_1_169' title='bbox 1297 1693 1356 1763; x_wconf 89' lang='lat' dir='ltr'>qni,</span> <span class='ocrx_word' id='word_1_170' title='bbox 1370 1706 1530 1763; x_wconf 85' lang='lat' dir='ltr'>quanquam</span> <span class='ocrx_word' id='word_1_171' title='bbox 1545 1701 1642 1746; x_wconf 90' lang='lat' dir='ltr'>nostro</span> <span class='ocrx_word' id='word_1_172' title='bbox 1657 1688 1769 1745; x_wconf 90' lang='lat' dir='ltr'>servitio</span> <span class='ocrx_word' id='word_1_173' title='bbox 1784 1702 1840 1742; x_wconf 91' lang='lat' dir='ltr'>non</span> <span class='ocrx_word' id='word_1_174' title='bbox 1853 1686 1986 1755; x_wconf 88' lang='lat' dir='ltr'>indigeat,</span> 
     </span>
     <span class='ocr_line' id='line_1_14' title="bbox 349 1780 1988 1860; baseline 0.001 -26"><span class='ocrx_word' id='word_1_175' title='bbox 349 1796 411 1850; x_wconf 81' lang='lat' dir='ltr'>qnae</span> <span class='ocrx_word' id='word_1_176' title='bbox 425 1780 532 1852; x_wconf 92' lang='lat' dir='ltr'>plenius</span> <span class='ocrx_word' id='word_1_177' title='bbox 551 1780 729 1837; x_wconf 90' lang='lat' dir='ltr'>innotescunt</span> <span class='ocrx_word' id='word_1_178' title='bbox 751 1782 859 1837; x_wconf 91' lang='lat' dir='ltr'>multis.</span> <span class='ocrx_word' id='word_1_179' title='bbox 877 1780 918 1838; x_wconf 95' lang='lat' dir='ltr'>0b</span> <span class='ocrx_word' id='word_1_180' title='bbox 940 1782 1011 1839; x_wconf 90' lang='lat' dir='ltr'>hanc</span> <span class='ocrx_word' id='word_1_181' title='bbox 1033 1800 1144 1855; x_wconf 88' lang='lat' dir='ltr'>quoqne</span> <span class='ocrx_word' id='word_1_182' title='bbox 1194 1797 1223 1844; x_wconf 95' lang='grc' dir='ltr'>ιι</span> <span class='ocrx_word' id='word_1_183' title='bbox 1238 1790 1317 1860; x_wconf 91' lang='lat' dir='ltr'>quasi</span> <span class='ocrx_word' id='word_1_184' title='bbox 1332 1804 1379 1859; x_wconf 82' lang='lat' dir='ltr'>per</span> <span class='ocrx_word' id='word_1_185' title='bbox 1396 1787 1465 1843; x_wconf 91' lang='lat' dir='ltr'>iliud</span> <span class='ocrx_word' id='word_1_186' title='bbox 1485 1788 1578 1842; x_wconf 89' lang='lat' dir='ltr'>minus</span> <span class='ocrx_word' id='word_1_187' title='bbox 1599 1786 1626 1842; x_wconf 92' lang='lat' dir='ltr'>in</span> <span class='ocrx_word' id='word_1_188' title='bbox 1650 1784 1756 1857; x_wconf 87' lang='lat' dir='ltr'>agendo</span> <span class='ocrx_word' id='word_1_189' title='bbox 1771 1784 1866 1838; x_wconf 89' lang='lat' dir='ltr'>minus</span> <span class='ocrx_word' id='word_1_190' title='bbox 1888 1782 1988 1837; x_wconf 86' lang='lat' dir='ltr'>ruine·</span> 
     </span>
     <span class='ocr_line' id='line_1_15' title="bbox 348 1874 1987 1952; baseline -0.002 -21"><span class='ocrx_word' id='word_1_191' title='bbox 348 1874 473 1943; x_wconf 79' lang='lat' dir='ltr'>cattsam,</span> <span class='ocrx_word' id='word_1_192' title='bbox 495 1875 578 1932; x_wconf 91' lang='lat' dir='ltr'>iidem</span> <span class='ocrx_word' id='word_1_193' title='bbox 607 1875 808 1947; x_wconf 90' lang='lat' dir='ltr'>archiepiscopi</span> <span class='ocrx_word' id='word_1_194' title='bbox 835 1885 862 1932; x_wconf 90' lang='lat' dir='ltr'>et</span> <span class='ocrx_word' id='word_1_195' title='bbox 887 1877 1010 1947; x_wconf 86' lang='lat' dir='ltr'>episcopi</span> <span class='ocrx_word' id='word_1_196' title='bbox 1034 1879 1143 1950; x_wconf 90' lang='lat' dir='ltr'>publice</span> <span class='ocrx_word' id='word_1_197' title='bbox 1192 1885 1248 1937; x_wconf 88' lang='lat' dir='ltr'>rint</span> <span class='ocrx_word' id='word_1_198' title='bbox 1264 1880 1403 1952; x_wconf 73' lang='lat' dir='ltr'>fatigetur,</span> <span class='ocrx_word' id='word_1_199' title='bbox 1418 1889 1446 1936; x_wconf 87' lang='lat' dir='ltr'>ct</span> <span class='ocrx_word' id='word_1_200' title='bbox 1468 1895 1519 1937; x_wconf 90' lang='lat' dir='ltr'>sua</span> <span class='ocrx_word' id='word_1_201' title='bbox 1535 1877 1734 1949; x_wconf 86' lang='lat' dir='ltr'>omnipotentia</span> <span class='ocrx_word' id='word_1_202' title='bbox 1749 1876 1841 1930; x_wconf 92' lang='lat' dir='ltr'>minor</span> <span class='ocrx_word' id='word_1_203' title='bbox 1853 1874 1890 1930; x_wconf 90' lang='lat' dir='ltr'>sit</span> <span class='ocrx_word' id='word_1_204' title='bbox 1903 1875 1987 1930; x_wconf 82' lang='lat' dir='ltr'>obsc-</span> 
     </span>
     <span class='ocr_line' id='line_1_16' title="bbox 349 1966 1989 2045; baseline -0.002 -23"><span class='ocrx_word' id='word_1_205' title='bbox 349 1968 477 2025; x_wconf 88' lang='lat' dir='ltr'>nuntient</span> <span class='ocrx_word' id='word_1_206' title='bbox 489 1967 753 2024; x_wconf 86' lang='lat' dir='ltr'>anathematizatum</span> <span class='ocrx_word' id='word_1_207' title='bbox 766 1967 907 2023; x_wconf 84' lang='lat' dir='ltr'>eumdem.</span> <span class='ocrx_word' id='word_1_208' title='bbox 924 1966 958 2024; x_wconf 86' lang='lat' dir='ltr'>Et</span> <span class='ocrx_word' id='word_1_209' title='bbox 978 1983 1041 2025; x_wconf 90' lang='lat' dir='ltr'>cum</span> <span class='ocrx_word' id='word_1_210' title='bbox 1060 1969 1141 2041; x_wconf 84' lang='lat' dir='ltr'>juxta</span> <span class='ocrx_word' id='word_1_211' title='bbox 1192 1974 1257 2045; x_wconf 91' lang='lat' dir='ltr'>quic</span> <span class='ocrx_word' id='word_1_212' title='bbox 1270 1982 1367 2029; x_wconf 91' lang='lat' dir='ltr'>nostro</span> <span class='ocrx_word' id='word_1_213' title='bbox 1386 1988 1494 2041; x_wconf 88' lang='lat' dir='ltr'>careas,</span> <span class='ocrx_word' id='word_1_214' title='bbox 1510 1973 1683 2028; x_wconf 89' lang='lat' dir='ltr'>occasionem</span> <span class='ocrx_word' id='word_1_215' title='bbox 1701 1969 1835 2025; x_wconf 89' lang='lat' dir='ltr'>tamenin</span> <span class='ocrx_word' id='word_1_216' title='bbox 1852 1968 1907 2023; x_wconf 92' lang='lat' dir='ltr'>hoc</span> <span class='ocrx_word' id='word_1_217' title='bbox 1921 1966 1989 2021; x_wconf 85' lang='lat' dir='ltr'>arti·</span> 
     </span>
     <span class='ocr_line' id='line_1_17' title="bbox 349 2048 1986 2133; baseline -0.001 -18"><span class='ocrx_word' id='word_1_218' title='bbox 349 2068 511 2123; x_wconf 88' lang='lat' dir='ltr'>sanctorum</span> <span class='ocrx_word' id='word_1_219' title='bbox 537 2058 651 2115; x_wconf 84' lang='lat' dir='ltr'>Petrum</span> <span class='ocrx_word' id='word_1_220' title='bbox 677 2060 827 2117; x_wconf 86' lang='lat' dir='ltr'>canonicas</span> <span class='ocrx_word' id='word_1_221' title='bbox 858 2060 1027 2129; x_wconf 89' lang='lat' dir='ltr'>sanctiones,</span> <span class='ocrx_word' id='word_1_222' title='bbox 1043 2062 1069 2117; x_wconf 91' lang='lat' dir='ltr'>ei</span> <span class='ocrx_word' id='word_1_223' title='bbox 1093 2063 1141 2133; x_wconf 93' lang='lat' dir='ltr'>qui</span> <span class='ocrx_word' id='word_1_224' title='bbox 1157 2048 1178 2102; x_wconf 75' lang='lat' dir='ltr'>B</span> <span class='ocrx_word' id='word_1_225' title='bbox 1193 2065 1255 2121; x_wconf 88' lang='lat' dir='ltr'>culo</span> <span class='ocrx_word' id='word_1_226' title='bbox 1270 2065 1351 2121; x_wconf 93' lang='lat' dir='ltr'>nobis</span> <span class='ocrx_word' id='word_1_227' title='bbox 1363 2064 1458 2120; x_wconf 83' lang='lat' dir='ltr'>tribuit</span> <span class='ocrx_word' id='word_1_228' title='bbox 1471 2063 1675 2133; x_wconf 81' lang='lat' dir='ltr'>acceptabiliter</span> <span class='ocrx_word' id='word_1_229' title='bbox 1688 2060 1834 2118; x_wconf 84' lang='lat' dir='ltr'>serviendi.</span> <span class='ocrx_word' id='word_1_230' title='bbox 1846 2059 1918 2115; x_wconf 91' lang='lat' dir='ltr'>Cum</span> <span class='ocrx_word' id='word_1_231' title='bbox 1931 2058 1986 2130; x_wconf 87' lang='lat' dir='ltr'>igi·</span> 
     </span>
     <span class='ocr_line' id='line_1_18' title="bbox 348 2150 1986 2228; baseline -0.001 -20"><span class='ocrx_word' id='word_1_232' title='bbox 348 2154 429 2209; x_wconf 84' lang='lat' dir='ltr'>fnicm</span> <span class='ocrx_word' id='word_1_233' title='bbox 455 2150 511 2208; x_wconf 83' lang='lat' dir='ltr'>beo</span> <span class='ocrx_word' id='word_1_234' title='bbox 530 2167 585 2208; x_wconf 92' lang='lat' dir='ltr'>non</span> <span class='ocrx_word' id='word_1_235' title='bbox 610 2162 713 2221; x_wconf 87' lang='lat' dir='ltr'>servat,</span> <span class='ocrx_word' id='word_1_236' title='bbox 728 2153 796 2209; x_wconf 80' lang='lat' dir='ltr'>fides</span> <span class='ocrx_word' id='word_1_237' title='bbox 823 2154 955 2209; x_wconf 88' lang='lat' dir='ltr'>servanda</span> <span class='ocrx_word' id='word_1_238' title='bbox 981 2170 1037 2210; x_wconf 93' lang='lat' dir='ltr'>non</span> <span class='ocrx_word' id='word_1_239' title='bbox 1062 2155 1140 2220; x_wconf 89' lang='lat' dir='ltr'>sit,a</span> <span class='ocrx_word' id='word_1_240' title='bbox 1193 2169 1237 2213; x_wconf 92' lang='lat' dir='ltr'>tur</span> <span class='ocrx_word' id='word_1_241' title='bbox 1251 2167 1314 2228; x_wconf 92' lang='lat' dir='ltr'>post</span> <span class='ocrx_word' id='word_1_242' title='bbox 1329 2157 1547 2213; x_wconf 89' lang='lat' dir='ltr'>interfectionem</span> <span class='ocrx_word' id='word_1_243' title='bbox 1562 2155 1666 2227; x_wconf 78' lang='lat' dir='ltr'>prefati</span> <span class='ocrx_word' id='word_1_244' title='bbox 1687 2155 1764 2226; x_wconf 85' lang='lat' dir='ltr'>justi,</span> <span class='ocrx_word' id='word_1_245' title='bbox 1785 2152 1907 2211; x_wconf 85' lang='lat' dir='ltr'>Ecclesia</span> <span class='ocrx_word' id='word_1_246' title='bbox 1922 2166 1986 2224; x_wconf 80' lang='lat' dir='ltr'>ane</span> 
     </span>
     <span class='ocr_line' id='line_1_19' title="bbox 346 2242 1984 2320; baseline -0.002 -19"><span class='ocrx_word' id='word_1_247' title='bbox 346 2246 540 2302; x_wconf 89' lang='lat' dir='ltr'>cornmunione</span> <span class='ocrx_word' id='word_1_248' title='bbox 556 2246 677 2301; x_wconf 89' lang='lat' dir='ltr'>fidelium</span> <span class='ocrx_word' id='word_1_249' title='bbox 694 2256 847 2319; x_wconf 85' lang='lat' dir='ltr'>segregato,</span> <span class='ocrx_word' id='word_1_250' title='bbox 866 2256 960 2318; x_wconf 87' lang='lat' dir='ltr'>utpote</span> <span class='ocrx_word' id='word_1_251' title='bbox 979 2248 1027 2319; x_wconf 92' lang='lat' dir='ltr'>qui</span> <span class='ocrx_word' id='word_1_252' title='bbox 1048 2249 1140 2304; x_wconf 90' lang='lat' dir='ltr'>vitan·</span> <span class='ocrx_word' id='word_1_253' title='bbox 1192 2247 1357 2320; x_wconf 92' lang='lat' dir='ltr'>inpartibus</span> <span class='ocrx_word' id='word_1_254' title='bbox 1379 2248 1434 2305; x_wconf 88' lang='lat' dir='ltr'>iliis</span> <span class='ocrx_word' id='word_1_255' title='bbox 1453 2256 1506 2316; x_wconf 91' lang='lat' dir='ltr'>est,</span> <span class='ocrx_word' id='word_1_256' title='bbox 1521 2248 1625 2319; x_wconf 88' lang='lat' dir='ltr'>absque</span> <span class='ocrx_word' id='word_1_257' title='bbox 1638 2246 1812 2302; x_wconf 87' lang='lat' dir='ltr'>consolatore</span> <span class='ocrx_word' id='word_1_258' title='bbox 1826 2245 1853 2298; x_wconf 91' lang='lat' dir='ltr'>in</span> <span class='ocrx_word' id='word_1_259' title='bbox 1867 2242 1984 2299; x_wconf 85' lang='lat' dir='ltr'>tristitia</span> 
     </span>
     <span class='ocr_line' id='line_1_20' title="bbox 346 2335 1984 2409; baseline -0.001 -19"><span class='ocrx_word' id='word_1_260' title='bbox 346 2336 399 2391; x_wconf 92' lang='lat' dir='ltr'>dus</span> <span class='ocrx_word' id='word_1_261' title='bbox 413 2342 457 2391; x_wconf 90' lang='lat' dir='ltr'>est</span> <span class='ocrx_word' id='word_1_262' title='bbox 473 2336 566 2407; x_wconf 91' lang='lat' dir='ltr'>potius</span> <span class='ocrx_word' id='word_1_263' title='bbox 594 2352 678 2409; x_wconf 87' lang='lat' dir='ltr'>quant</span> <span class='ocrx_word' id='word_1_264' title='bbox 704 2335 850 2403; x_wconf 89' lang='lat' dir='ltr'>fovendus,</span> <span class='ocrx_word' id='word_1_265' title='bbox 868 2352 966 2393; x_wconf 90' lang='lat' dir='ltr'>omnes</span> <span class='ocrx_word' id='word_1_266' title='bbox 991 2338 1040 2409; x_wconf 93' lang='lat' dir='ltr'>qui</span> <span class='ocrx_word' id='word_1_267' title='bbox 1065 2338 1141 2394; x_wconf 91' lang='lat' dir='ltr'>dicto</span> <span class='ocrx_word' id='word_1_268' title='bbox 1191 2349 1218 2396; x_wconf 90' lang='lat' dir='ltr'>ct</span> <span class='ocrx_word' id='word_1_269' title='bbox 1238 2356 1357 2399; x_wconf 86' lang='lat' dir='ltr'>moerore</span> <span class='ocrx_word' id='word_1_270' title='bbox 1380 2341 1501 2408; x_wconf 82' lang='lat' dir='ltr'>sociante,</span> <span class='ocrx_word' id='word_1_271' title='bbox 1522 2338 1590 2396; x_wconf 89' lang='lat' dir='ltr'>fides</span> <span class='ocrx_word' id='word_1_272' title='bbox 1609 2337 1766 2403; x_wconf 88' lang='lat' dir='ltr'>evanuisse,</span> <span class='ocrx_word' id='word_1_273' title='bbox 1781 2336 1897 2406; x_wconf 89' lang='lat' dir='ltr'>periisse</span> <span class='ocrx_word' id='word_1_274' title='bbox 1916 2350 1984 2405; x_wconf 85' lang='lat' dir='ltr'>pas,</span> 
     </span>
     <span class='ocr_line' id='line_1_21' title="bbox 345 2427 1986 2504; baseline -0.001 -21"><span class='ocrx_word' id='word_1_275' title='bbox 345 2428 440 2484; x_wconf 84' lang='lat' dir='ltr'>comiti</span> <span class='ocrx_word' id='word_1_276' title='bbox 456 2428 595 2486; x_wconf 88' lang='lat' dir='ltr'>fidelitatis</span> <span class='ocrx_word' id='word_1_277' title='bbox 608 2445 658 2486; x_wconf 91' lang='lat' dir='ltr'>seu</span> <span class='ocrx_word' id='word_1_278' title='bbox 675 2428 827 2497; x_wconf 90' lang='lat' dir='ltr'>societatis,</span> <span class='ocrx_word' id='word_1_279' title='bbox 843 2437 891 2484; x_wconf 91' lang='lat' dir='ltr'>ant</span> <span class='ocrx_word' id='word_1_280' title='bbox 907 2427 1019 2486; x_wconf 85' lang='lat' dir='ltr'>hederis</span> <span class='ocrx_word' id='word_1_281' title='bbox 1042 2429 1140 2502; x_wconf 81' lang='lat' dir='ltr'>hujus·</span> <span class='ocrx_word' id='word_1_282' title='bbox 1192 2434 1318 2491; x_wconf 85' lang='lat' dir='ltr'>haeretica</span> <span class='ocrx_word' id='word_1_283' title='bbox 1334 2435 1418 2504; x_wconf 91' lang='lat' dir='ltr'>pestis</span> <span class='ocrx_word' id='word_1_284' title='bbox 1438 2443 1466 2490; x_wconf 93' lang='lat' dir='ltr'>et</span> <span class='ocrx_word' id='word_1_285' title='bbox 1481 2433 1590 2490; x_wconf 90' lang='lat' dir='ltr'>hostilis</span> <span class='ocrx_word' id='word_1_286' title='bbox 1612 2431 1705 2488; x_wconf 89' lang='lat' dir='ltr'>rabies</span> <span class='ocrx_word' id='word_1_287' title='bbox 1718 2429 1817 2484; x_wconf 89' lang='lat' dir='ltr'>fortius</span> <span class='ocrx_word' id='word_1_288' title='bbox 1832 2429 1986 2483; x_wconf 85' lang='lat' dir='ltr'>invaluisse</span> 
     </span>
     <span class='ocr_line' id='line_1_22' title="bbox 344 2519 1986 2596; baseline -0.004 -16"><span class='ocrx_word' id='word_1_289' title='bbox 344 2524 453 2581; x_wconf 87' lang='lat' dir='ltr'>ecmodi</span> <span class='ocrx_word' id='word_1_290' title='bbox 466 2524 625 2595; x_wconf 82' lang='lat' dir='ltr'>juramento</span> <span class='ocrx_word' id='word_1_291' title='bbox 640 2524 1140 2596; x_wconf 86' lang='lat' dir='ltr'>tenenturastricti,auctoritateapo-</span> <span class='ocrx_word' id='word_1_292' title='bbox 1190 2526 1309 2594; x_wconf 89' lang='lat' dir='ltr'>dicatur,</span> <span class='ocrx_word' id='word_1_293' title='bbox 1330 2541 1363 2581; x_wconf 88' lang='lat' dir='ltr'>ac</span> <span class='ocrx_word' id='word_1_294' title='bbox 1389 2524 1412 2580; x_wconf 91' lang='lat' dir='ltr'>si</span> <span class='ocrx_word' id='word_1_295' title='bbox 1436 2534 1561 2596; x_wconf 87' lang='lat' dir='ltr'>potenter</span> <span class='ocrx_word' id='word_1_296' title='bbox 1576 2524 1604 2579; x_wconf 92' lang='lat' dir='ltr'>in</span> <span class='ocrx_word' id='word_1_297' title='bbox 1628 2522 1689 2594; x_wconf 84' lang='lat' dir='ltr'>ejus</span> <span class='ocrx_word' id='word_1_298' title='bbox 1709 2522 1831 2577; x_wconf 87' lang='lat' dir='ltr'>novitate</span> <span class='ocrx_word' id='word_1_299' title='bbox 1854 2519 1986 2590; x_wconf 79' lang='lat' dir='ltr'>procellae</span> 
     </span>
     <span class='ocr_line' id='line_1_23' title="bbox 344 2611 1986 2686; baseline -0.005 -13"><span class='ocrx_word' id='word_1_300' title='bbox 344 2617 441 2674; x_wconf 89' lang='lat' dir='ltr'>stoifca</span> <span class='ocrx_word' id='word_1_301' title='bbox 457 2616 619 2673; x_wconf 89' lang='lat' dir='ltr'>denuntient</span> <span class='ocrx_word' id='word_1_302' title='bbox 633 2616 742 2672; x_wconf 91' lang='lat' dir='ltr'>interim</span> <span class='ocrx_word' id='word_1_303' title='bbox 758 2617 911 2681; x_wconf 87' lang='lat' dir='ltr'>absolutos,</span> <span class='ocrx_word' id='word_1_304' title='bbox 927 2625 954 2671; x_wconf 88' lang='lat' dir='ltr'>et</span> <span class='ocrx_word' id='word_1_305' title='bbox 968 2616 1081 2673; x_wconf 90' lang='lat' dir='ltr'>cuilibet</span> <span class='ocrx_word' id='word_1_306' title='bbox 1094 2632 1140 2672; x_wconf 88' lang='lat' dir='ltr'>ca·</span> <span class='ocrx_word' id='word_1_307' title='bbox 1191 2633 1245 2672; x_wconf 92' lang='lat' dir='ltr'>non</span> <span class='ocrx_word' id='word_1_308' title='bbox 1260 2625 1438 2672; x_wconf 88' lang='lat' dir='ltr'>succurratur</span> <span class='ocrx_word' id='word_1_309' title='bbox 1452 2616 1552 2682; x_wconf 91' lang='lat' dir='ltr'>eidem,</span> <span class='ocrx_word' id='word_1_310' title='bbox 1567 2628 1636 2686; x_wconf 88' lang='lat' dir='ltr'>pene</span> <span class='ocrx_word' id='word_1_311' title='bbox 1656 2614 1764 2683; x_wconf 88' lang='lat' dir='ltr'>penitus</span> <span class='ocrx_word' id='word_1_312' title='bbox 1781 2611 1918 2666; x_wconf 84' lang='lat' dir='ltr'>videbitur</span> <span class='ocrx_word' id='word_1_313' title='bbox 1929 2626 1986 2665; x_wconf 90' lang='lat' dir='ltr'>na·</span> 
     </span>
     <span class='ocr_line' id='line_1_24' title="bbox 344 2708 1986 2782; baseline -0.004 -17"><span class='ocrx_word' id='word_1_314' title='bbox 344 2710 449 2766; x_wconf 91' lang='lat' dir='ltr'>thoiico</span> <span class='ocrx_word' id='word_1_315' title='bbox 476 2710 537 2766; x_wconf 89' lang='lat' dir='ltr'>viro</span> <span class='ocrx_word' id='word_1_316' title='bbox 562 2708 655 2775; x_wconf 89' lang='lat' dir='ltr'>licere,</span> <span class='ocrx_word' id='word_1_317' title='bbox 670 2708 747 2765; x_wconf 86' lang='lat' dir='ltr'>salvo</span> <span class='ocrx_word' id='word_1_318' title='bbox 763 2709 827 2780; x_wconf 84' lang='lat' dir='ltr'>jure</span> <span class='ocrx_word' id='word_1_319' title='bbox 853 2709 967 2765; x_wconf 87' lang='lat' dir='ltr'>domine</span> <span class='ocrx_word' id='word_1_320' title='bbox 981 2709 1138 2780; x_wconf 87' lang='lat' dir='ltr'>principali,</span> <span class='ocrx_word' id='word_1_321' title='bbox 1190 2710 1232 2766; x_wconf 91' lang='lat' dir='ltr'>vis</span> <span class='ocrx_word' id='word_1_322' title='bbox 1245 2708 1373 2766; x_wconf 73' lang='lat' dir='ltr'>Ecclesiae</span> <span class='ocrx_word' id='word_1_323' title='bbox 1386 2709 1555 2782; x_wconf 85' lang='lat' dir='ltr'>naufragari,</span> <span class='ocrx_word' id='word_1_324' title='bbox 1571 2708 1777 2763; x_wconf 89' lang='lat' dir='ltr'>universitatem</span> <span class='ocrx_word' id='word_1_325' title='bbox 1789 2715 1911 2761; x_wconf 89' lang='lat' dir='ltr'>vestram</span> <span class='ocrx_word' id='word_1_326' title='bbox 1921 2721 1986 2761; x_wconf 89' lang='lat' dir='ltr'>mo·</span> 
     </span>
     <span class='ocr_line' id='line_1_25' title="bbox 345 2798 1984 2872; baseline -0.001 -17"><span class='ocrx_word' id='word_1_327' title='bbox 345 2817 400 2856; x_wconf 92' lang='lat' dir='ltr'>non</span> <span class='ocrx_word' id='word_1_328' title='bbox 427 2800 517 2869; x_wconf 89' lang='lat' dir='ltr'>solum</span> <span class='ocrx_word' id='word_1_329' title='bbox 543 2802 672 2871; x_wconf 80' lang='lat' dir='ltr'>persequi</span> <span class='ocrx_word' id='word_1_330' title='bbox 699 2816 846 2871; x_wconf 89' lang='lat' dir='ltr'>personam</span> <span class='ocrx_word' id='word_1_331' title='bbox 876 2802 1015 2872; x_wconf 83' lang='lat' dir='ltr'>ejusdem,</span> <span class='ocrx_word' id='word_1_332' title='bbox 1040 2817 1138 2861; x_wconf 84' lang='lat' dir='ltr'>rerum</span> <span class='ocrx_word' id='word_1_333' title='bbox 1190 2817 1287 2858; x_wconf 84' lang='lat' dir='ltr'>rrenrns</span> <span class='ocrx_word' id='word_1_334' title='bbox 1302 2804 1432 2858; x_wconf 75' lang='lat' dir='ltr'>aeternius</span> <span class='ocrx_word' id='word_1_335' title='bbox 1457 2814 1483 2858; x_wconf 91' lang='lat' dir='ltr'>et</span> <span class='ocrx_word' id='word_1_336' title='bbox 1505 2800 1670 2872; x_wconf 89' lang='lat' dir='ltr'>propensius</span> <span class='ocrx_word' id='word_1_337' title='bbox 1691 2799 1882 2865; x_wconf 84' lang='lat' dir='ltr'>exhortamur,</span> <span class='ocrx_word' id='word_1_338' title='bbox 1898 2814 1932 2854; x_wconf 88' lang='lat' dir='ltr'>ac</span> <span class='ocrx_word' id='word_1_339' title='bbox 1954 2798 1984 2853; x_wconf 89' lang='lat' dir='ltr'>in</span> 
     </span>
     <span class='ocr_line' id='line_1_26' title="bbox 344 2892 1985 2967; baseline 0.002 -20"><span class='ocrx_word' id='word_1_340' title='bbox 344 2893 427 2949; x_wconf 87' lang='lat' dir='ltr'>ctiam</span> <span class='ocrx_word' id='word_1_341' title='bbox 451 2907 589 2964; x_wconf 87' lang='lat' dir='ltr'>occupare</span> <span class='ocrx_word' id='word_1_342' title='bbox 615 2901 642 2948; x_wconf 91' lang='lat' dir='ltr'>et</span> <span class='ocrx_word' id='word_1_343' title='bbox 670 2892 796 2948; x_wconf 89' lang='lat' dir='ltr'>detinere</span> <span class='ocrx_word' id='word_1_344' title='bbox 821 2903 922 2949; x_wconf 90' lang='lat' dir='ltr'>terram</span> <span class='ocrx_word' id='word_1_345' title='bbox 948 2895 1046 2967; x_wconf 91' lang='lat' dir='ltr'>ipsius,</span> <span class='ocrx_word' id='word_1_346' title='bbox 1064 2896 1138 2954; x_wconf 89' lang='lat' dir='ltr'>iliius</span> <span class='ocrx_word' id='word_1_347' title='bbox 1190 2905 1272 2955; x_wconf 81' lang='lat' dir='ltr'>tante</span> <span class='ocrx_word' id='word_1_348' title='bbox 1288 2898 1459 2955; x_wconf 87' lang='lat' dir='ltr'>necessitat&#39;s</span> <span class='ocrx_word' id='word_1_349' title='bbox 1480 2897 1596 2954; x_wconf 90' lang='lat' dir='ltr'>articulo</span> <span class='ocrx_word' id='word_1_350' title='bbox 1612 2896 1639 2952; x_wconf 90' lang='lat' dir='ltr'>in</span> <span class='ocrx_word' id='word_1_351' title='bbox 1658 2895 1757 2951; x_wconf 88' lang='lat' dir='ltr'>virtute</span> <span class='ocrx_word' id='word_1_352' title='bbox 1776 2894 1878 2949; x_wconf 79' lang='lat' dir='ltr'>Christi</span> <span class='ocrx_word' id='word_1_353' title='bbox 1894 2896 1985 2951; x_wconf 84' lang='lat' dir='ltr'>conii·</span> 
     </span>
     <span class='ocr_line' id='line_1_27' title="bbox 345 2984 1983 3061; baseline 0.002 -23"><span class='ocrx_word' id='word_1_354' title='bbox 345 2984 497 3055; x_wconf 74' lang='lat' dir='ltr'>presertim</span> <span class='ocrx_word' id='word_1_355' title='bbox 512 2984 639 3050; x_wconf 91' lang='lat' dir='ltr'>obtentu,</span> <span class='ocrx_word' id='word_1_356' title='bbox 653 2986 728 3056; x_wconf 92' lang='lat' dir='ltr'>quod</span> <span class='ocrx_word' id='word_1_357' title='bbox 743 2984 779 3040; x_wconf 88' lang='lat' dir='ltr'>ab</span> <span class='ocrx_word' id='word_1_358' title='bbox 796 2985 892 3041; x_wconf 87' lang='lat' dir='ltr'>haevesi</span> <span class='ocrx_word' id='word_1_359' title='bbox 913 3002 962 3057; x_wconf 92' lang='lat' dir='ltr'>per</span> <span class='ocrx_word' id='word_1_360' title='bbox 978 3002 1057 3042; x_wconf 91' lang='lat' dir='ltr'>suam</span> <span class='ocrx_word' id='word_1_361' title='bbox 1070 3004 1138 3059; x_wconf 91' lang='lat' dir='ltr'>pru·</span> <span class='ocrx_word' id='word_1_362' title='bbox 1188 2992 1285 3048; x_wconf 87' lang='lat' dir='ltr'>denter</span> <span class='ocrx_word' id='word_1_363' title='bbox 1296 2991 1477 3061; x_wconf 86' lang='lat' dir='ltr'>injungimus,</span> <span class='ocrx_word' id='word_1_364' title='bbox 1493 3000 1521 3045; x_wconf 90' lang='lat' dir='ltr'>et</span> <span class='ocrx_word' id='word_1_365' title='bbox 1535 2991 1563 3044; x_wconf 90' lang='lat' dir='ltr'>in</span> <span class='ocrx_word' id='word_1_366' title='bbox 1581 2989 1772 3045; x_wconf 87' lang='lat' dir='ltr'>remissionem</span> <span class='ocrx_word' id='word_1_367' title='bbox 1787 2987 1983 3057; x_wconf 89' lang='lat' dir='ltr'>peccaminum</span> 
     </span>
     <span class='ocr_line' id='line_1_28' title="bbox 343 3076 1985 3156; baseline 0.001 -24"><span class='ocrx_word' id='word_1_368' title='bbox 343 3077 463 3132; x_wconf 87' lang='lat' dir='ltr'>dentiam</span> <span class='ocrx_word' id='word_1_369' title='bbox 478 3076 585 3132; x_wconf 87' lang='lat' dir='ltr'>fortiter</span> <span class='ocrx_word' id='word_1_370' title='bbox 597 3077 732 3147; x_wconf 80' lang='lat' dir='ltr'>expietur,</span> <span class='ocrx_word' id='word_1_371' title='bbox 754 3092 816 3148; x_wconf 82' lang='lat' dir='ltr'>quae</span> <span class='ocrx_word' id='word_1_372' title='bbox 826 3094 875 3148; x_wconf 90' lang='lat' dir='ltr'>per</span> <span class='ocrx_word' id='word_1_373' title='bbox 889 3078 963 3135; x_wconf 90' lang='lat' dir='ltr'>iilius</span> <span class='ocrx_word' id='word_1_374' title='bbox 985 3079 1136 3151; x_wconf 88' lang='lat' dir='ltr'>nequitiam</span> <span class='ocrx_word' id='word_1_375' title='bbox 1189 3084 1371 3156; x_wconf 80' lang='lat' dir='ltr'>indulgemus,</span> <span class='ocrx_word' id='word_1_376' title='bbox 1382 3093 1518 3153; x_wconf 89' lang='lat' dir='ltr'>quatenus</span> <span class='ocrx_word' id='word_1_377' title='bbox 1527 3082 1610 3138; x_wconf 80' lang='lat' dir='ltr'>tacitis</span> <span class='ocrx_word' id='word_1_378' title='bbox 1621 3082 1916 3135; x_wconf 87' lang='lat' dir='ltr'>maiisoccurrerenon</span> <span class='ocrx_word' id='word_1_379' title='bbox 1928 3091 1985 3134; x_wconf 89' lang='lat' dir='ltr'>tar·</span> 
     </span>
     <span class='ocr_line' id='line_1_29' title="bbox 344 3170 1981 3247; baseline 0.003 -24"><span class='ocrx_word' id='word_1_380' title='bbox 344 3170 395 3226; x_wconf 87' lang='lat' dir='ltr'>fuit</span> <span class='ocrx_word' id='word_1_381' title='bbox 411 3170 544 3226; x_wconf 87' lang='lat' dir='ltr'>haetenus</span> <span class='ocrx_word' id='word_1_382' title='bbox 559 3171 676 3239; x_wconf 88' lang='lat' dir='ltr'>turpiter</span> <span class='ocrx_word' id='word_1_383' title='bbox 687 3170 822 3236; x_wconf 90' lang='lat' dir='ltr'>sauciata,</span> <span class='ocrx_word' id='word_1_384' title='bbox 836 3171 984 3227; x_wconf 83' lang='lat' dir='ltr'>maculata.</span> <span class='ocrx_word' id='word_1_385' title='bbox 1188 3178 1268 3244; x_wconf 89' lang='lat' dir='ltr'>dctis,</span> <span class='ocrx_word' id='word_1_386' title='bbox 1285 3185 1312 3234; x_wconf 93' lang='lat' dir='ltr'>et</span> <span class='ocrx_word' id='word_1_387' title='bbox 1327 3176 1360 3232; x_wconf 91' lang='lat' dir='ltr'>ad</span> <span class='ocrx_word' id='word_1_388' title='bbox 1376 3175 1576 3247; x_wconf 86' lang='lat' dir='ltr'>pacificandum</span> <span class='ocrx_word' id='word_1_389' title='bbox 1590 3184 1684 3247; x_wconf 86' lang='lat' dir='ltr'>gentes</span> <span class='ocrx_word' id='word_1_390' title='bbox 1698 3174 1769 3241; x_wconf 88' lang='lat' dir='ltr'>ilias,</span> <span class='ocrx_word' id='word_1_391' title='bbox 1784 3176 1810 3228; x_wconf 92' lang='lat' dir='ltr'>in</span> <span class='ocrx_word' id='word_1_392' title='bbox 1826 3188 1860 3229; x_wconf 88' lang='lat' dir='ltr'>eo</span> <span class='ocrx_word' id='word_1_393' title='bbox 1872 3174 1923 3244; x_wconf 89' lang='lat' dir='ltr'>qui</span> <span class='ocrx_word' id='word_1_394' title='bbox 1936 3182 1981 3228; x_wconf 90' lang='lat' dir='ltr'>cst</span> 
     </span>
    </p>

    <p class='ocr_par' dir='ltr' id='par_1_3' title="bbox 290 3262 1982 4833">
     <span class='ocr_line' id='line_1_30' title="bbox 378 3262 1982 3340; baseline 0.001 -22"><span class='ocrx_word' id='word_1_395' title='bbox 378 3262 447 3331; x_wconf 79' lang='lat' dir='ltr'>Quia</span> <span class='ocrx_word' id='word_1_396' title='bbox 462 3263 574 3336; x_wconf 84' lang='lat' dir='ltr'>dignum</span> <span class='ocrx_word' id='word_1_397' title='bbox 590 3273 632 3320; x_wconf 89' lang='lat' dir='ltr'>est</span> <span class='ocrx_word' id='word_1_398' title='bbox 644 3273 672 3318; x_wconf 94' lang='lat' dir='ltr'>ut</span> <span class='ocrx_word' id='word_1_399' title='bbox 685 3279 784 3321; x_wconf 86' lang='lat' dir='ltr'>marrrts</span> <span class='ocrx_word' id='word_1_400' title='bbox 797 3265 921 3320; x_wconf 92' lang='lat' dir='ltr'>omninm</span> <span class='ocrx_word' id='word_1_401' title='bbox 936 3274 1032 3322; x_wconf 89' lang='lat' dir='ltr'>contra</span> <span class='ocrx_word' id='word_1_402' title='bbox 1044 3268 1135 3336; x_wconf 91' lang='lat' dir='ltr'>ipsum</span> <span class='ocrx_word' id='word_1_403' title='bbox 1188 3269 1260 3327; x_wconf 86' lang='lat' dir='ltr'>licus</span> <span class='ocrx_word' id='word_1_404' title='bbox 1277 3270 1352 3340; x_wconf 90' lang='lat' dir='ltr'>pacis</span> <span class='ocrx_word' id='word_1_405' title='bbox 1372 3277 1400 3325; x_wconf 90' lang='lat' dir='ltr'>et</span> <span class='ocrx_word' id='word_1_406' title='bbox 1416 3267 1570 3325; x_wconf 89' lang='lat' dir='ltr'>dilectionis</span> <span class='ocrx_word' id='word_1_407' title='bbox 1595 3267 1735 3322; x_wconf 89' lang='lat' dir='ltr'>intendere</span> <span class='ocrx_word' id='word_1_408' title='bbox 1756 3267 1911 3337; x_wconf 86' lang='lat' dir='ltr'>procuretis</span> <span class='ocrx_word' id='word_1_409' title='bbox 1928 3282 1936 3321; x_wconf 82' lang='lat' dir='ltr'>a</span> <span class='ocrx_word' id='word_1_410' title='bbox 1953 3273 1982 3320; x_wconf 90' lang='lat' dir='ltr'>et</span> 
     </span>
     <span class='ocr_line' id='line_1_31' title="bbox 341 3355 1980 3457; baseline 0.002 -48"><span class='ocrx_word' id='word_1_411' title='bbox 341 3365 533 3428; x_wconf 67' lang='lat' dir='ltr'>«perserperet,</span> <span class='ocrx_word' id='word_1_412' title='bbox 551 3355 632 3427; x_wconf 83' lang='lat' dir='ltr'>cujus</span> <span class='ocrx_word' id='word_1_413' title='bbox 651 3370 751 3411; x_wconf 86' lang='lat' dir='ltr'>manus</span> <span class='ocrx_word' id='word_1_414' title='bbox 775 3357 883 3413; x_wconf 89' lang='lat' dir='ltr'>exstitit</span> <span class='ocrx_word' id='word_1_415' title='bbox 908 3366 1005 3414; x_wconf 88' lang='lat' dir='ltr'>corttra</span> <span class='ocrx_word' id='word_1_416' title='bbox 1026 3374 1134 3416; x_wconf 88' lang='lat' dir='ltr'>omnes.</span> <span class='ocrx_word' id='word_1_417' title='bbox 1150 3398 1171 3457; x_wconf 66' lang='lat' dir='ltr'>e</span> <span class='ocrx_word' id='word_1_418' title='bbox 1188 3362 1396 3434; x_wconf 81' lang='lat' dir='ltr'>quibuscunque</span> <span class='ocrx_word' id='word_1_419' title='bbox 1411 3361 1499 3418; x_wconf 91' lang='lat' dir='ltr'>modis</span> <span class='ocrx_word' id='word_1_420' title='bbox 1520 3359 1681 3416; x_wconf 77' lang='lat' dir='ltr'>revelaverit</span> <span class='ocrx_word' id='word_1_421' title='bbox 1693 3359 1773 3413; x_wconf 86' lang='lat' dir='ltr'>robis</span> <span class='ocrx_word' id='word_1_422' title='bbox 1790 3357 1874 3425; x_wconf 82' lang='lat' dir='ltr'>Dens,</span> <span class='ocrx_word' id='word_1_423' title='bbox 1891 3358 1980 3413; x_wconf 83' lang='grc' dir='ltr'>Ιιιιιι-</span> 
     </span>
     <span class='ocr_line' id='line_1_32' title="bbox 338 3452 1979 3526; baseline -0.002 -15"><span class='ocrx_word' id='word_1_424' title='bbox 338 3454 421 3525; x_wconf 77' lang='lat' dir='ltr'>&#39;Quod</span> <span class='ocrx_word' id='word_1_425' title='bbox 437 3454 460 3511; x_wconf 92' lang='lat' dir='ltr'>si</span> <span class='ocrx_word' id='word_1_426' title='bbox 478 3468 529 3510; x_wconf 88' lang='lat' dir='ltr'>nec</span> <span class='ocrx_word' id='word_1_427' title='bbox 541 3454 583 3511; x_wconf 89' lang='lat' dir='ltr'>sic</span> <span class='ocrx_word' id='word_1_428' title='bbox 597 3453 707 3509; x_wconf 82' lang='lat' dir='ltr'>vexatio</span> <span class='ocrx_word' id='word_1_429' title='bbox 721 3452 826 3510; x_wconf 89' lang='lat' dir='ltr'>dederit</span> <span class='ocrx_word' id='word_1_430' title='bbox 838 3453 1018 3520; x_wconf 90' lang='lat' dir='ltr'>intellectum,</span> <span class='ocrx_word' id='word_1_431' title='bbox 1033 3470 1155 3525; x_wconf 56' lang='lat' dir='ltr'>marrus,</span> <span class='ocrx_word' id='word_1_432' title='bbox 1187 3458 1269 3515; x_wconf 85' lang='lat' dir='ltr'>ticam</span> <span class='ocrx_word' id='word_1_433' title='bbox 1292 3457 1328 3512; x_wconf 91' lang='lat' dir='ltr'>ibi</span> <span class='ocrx_word' id='word_1_434' title='bbox 1357 3454 1488 3512; x_wconf 84' lang='lat' dir='ltr'>studeatis</span> <span class='ocrx_word' id='word_1_435' title='bbox 1513 3453 1655 3526; x_wconf 88' lang='lat' dir='ltr'>perfidiam</span> <span class='ocrx_word' id='word_1_436' title='bbox 1681 3453 1801 3516; x_wconf 87' lang='lat' dir='ltr'>abolere,</span> <span class='ocrx_word' id='word_1_437' title='bbox 1825 3459 1979 3508; x_wconf 82' lang='lat' dir='ltr'>sectatores</span> 
     </span>
     <span class='ocr_line' id='line_1_33' title="bbox 343 3543 1979 3622; baseline -0.004 -19"><span class='ocrx_word' id='word_1_438' title='bbox 343 3558 452 3607; x_wconf 89' lang='lat' dir='ltr'>nostras</span> <span class='ocrx_word' id='word_1_439' title='bbox 476 3549 505 3605; x_wconf 93' lang='lat' dir='ltr'>in</span> <span class='ocrx_word' id='word_1_440' title='bbox 523 3563 557 3604; x_wconf 92' lang='lat' dir='ltr'>eo</span> <span class='ocrx_word' id='word_1_441' title='bbox 573 3546 733 3605; x_wconf 84' lang='lat' dir='ltr'>curabimus</span> <span class='ocrx_word' id='word_1_442' title='bbox 747 3563 909 3620; x_wconf 75' lang='lat' dir='ltr'>aggravare.</span> <span class='ocrx_word' id='word_1_443' title='bbox 926 3545 955 3603; x_wconf 87' lang='lat' dir='ltr'>st</span> <span class='ocrx_word' id='word_1_444' title='bbox 977 3564 1033 3619; x_wconf 91' lang='lat' dir='ltr'>quo</span> <span class='ocrx_word' id='word_1_445' title='bbox 1053 3549 1136 3605; x_wconf 90' lang='lat' dir='ltr'>rnodo</span> <span class='ocrx_word' id='word_1_446' title='bbox 1187 3546 1274 3622; x_wconf 90' lang='lat' dir='ltr'>ipsius</span> <span class='ocrx_word' id='word_1_447' title='bbox 1296 3564 1330 3605; x_wconf 90' lang='lat' dir='ltr'>co</span> <span class='ocrx_word' id='word_1_448' title='bbox 1357 3565 1440 3621; x_wconf 90' lang='lat' dir='ltr'>qnam</span> <span class='ocrx_word' id='word_1_449' title='bbox 1468 3548 1622 3604; x_wconf 83' lang='lat' dir='ltr'>Saracenos</span> <span class='ocrx_word' id='word_1_450' title='bbox 1646 3545 1770 3601; x_wconf 87' lang='lat' dir='ltr'>securius</span> <span class='ocrx_word' id='word_1_451' title='bbox 1789 3558 1845 3613; x_wconf 91' lang='lat' dir='ltr'>quo</span> <span class='ocrx_word' id='word_1_452' title='bbox 1867 3543 1979 3614; x_wconf 80' lang='lat' dir='ltr'>pejores</span> 
     </span>
     <span class='ocr_line' id='line_1_34' title="bbox 340 3636 1978 3715; baseline -0.006 -16"><span class='ocrx_word' id='word_1_453' title='bbox 340 3660 406 3700; x_wconf 89' lang='lat' dir='ltr'>vero</span> <span class='ocrx_word' id='word_1_454' title='bbox 418 3643 631 3702; x_wconf 75' lang='lat' dir='ltr'>satisfactionem</span> <span class='ocrx_word' id='word_1_455' title='bbox 644 3642 801 3714; x_wconf 89' lang='lat' dir='ltr'>promiserit</span> <span class='ocrx_word' id='word_1_456' title='bbox 813 3641 954 3710; x_wconf 84' lang='lat' dir='ltr'>exhibere,</span> <span class='ocrx_word' id='word_1_457' title='bbox 969 3643 1059 3715; x_wconf 90' lang='lat' dir='ltr'>ipsum</span> <span class='ocrx_word' id='word_1_458' title='bbox 1072 3660 1133 3715; x_wconf 89' lang='lat' dir='ltr'>poe·</span> <span class='ocrx_word' id='word_1_459' title='bbox 1186 3643 1316 3701; x_wconf 88' lang='lat' dir='ltr'>suntiilis</span> <span class='ocrx_word' id='word_1_460' title='bbox 1333 3643 1361 3698; x_wconf 91' lang='lat' dir='ltr'>in</span> <span class='ocrx_word' id='word_1_461' title='bbox 1376 3658 1459 3698; x_wconf 88' lang='lat' dir='ltr'>manu</span> <span class='ocrx_word' id='word_1_462' title='bbox 1477 3639 1542 3697; x_wconf 87' lang='lat' dir='ltr'>furti</span> <span class='ocrx_word' id='word_1_463' title='bbox 1565 3649 1593 3696; x_wconf 90' lang='lat' dir='ltr'>et</span> <span class='ocrx_word' id='word_1_464' title='bbox 1615 3646 1726 3695; x_wconf 80' lang='lat' dir='ltr'>extento</span> <span class='ocrx_word' id='word_1_465' title='bbox 1751 3636 1865 3692; x_wconf 88' lang='lat' dir='ltr'>brachio</span> <span class='ocrx_word' id='word_1_466' title='bbox 1884 3637 1978 3707; x_wconf 89' lang='lat' dir='ltr'>impu·</span> 
     </span>
     <span class='ocr_line' id='line_1_35' title="bbox 340 3728 1976 3809; baseline -0.007 -15"><span class='ocrx_word' id='word_1_467' title='bbox 340 3737 475 3794; x_wconf 79' lang='lat' dir='ltr'>mitudinis</span> <span class='ocrx_word' id='word_1_468' title='bbox 489 3752 547 3793; x_wconf 74' lang='lat' dir='ltr'>sue</span> <span class='ocrx_word' id='word_1_469' title='bbox 563 3736 621 3791; x_wconf 76' lang='lat' dir='ltr'>baec</span> <span class='ocrx_word' id='word_1_470' title='bbox 644 3735 722 3807; x_wconf 88' lang='lat' dir='ltr'>signa</span> <span class='ocrx_word' id='word_1_471' title='bbox 747 3734 916 3806; x_wconf 77' lang='lat' dir='ltr'>praemittere</span> <span class='ocrx_word' id='word_1_472' title='bbox 938 3739 1086 3807; x_wconf 87' lang='lat' dir='ltr'>oportebit,</span> <span class='ocrx_word' id='word_1_473' title='bbox 1106 3748 1136 3794; x_wconf 91' lang='lat' dir='ltr'>ut</span> <span class='ocrx_word' id='word_1_474' title='bbox 1185 3736 1306 3809; x_wconf 87' lang='lat' dir='ltr'>gnando.</span> <span class='ocrx_word' id='word_1_475' title='bbox 1320 3733 1554 3791; x_wconf 80' lang='lat' dir='ltr'>Praenonriuatum</span> <span class='ocrx_word' id='word_1_476' title='bbox 1570 3732 1653 3788; x_wconf 90' lang='lat' dir='ltr'>ctiam</span> <span class='ocrx_word' id='word_1_477' title='bbox 1668 3730 1809 3791; x_wconf 86' lang='lat' dir='ltr'>comitem,</span> <span class='ocrx_word' id='word_1_478' title='bbox 1825 3728 1874 3800; x_wconf 92' lang='lat' dir='ltr'>qui</span> <span class='ocrx_word' id='word_1_479' title='bbox 1894 3728 1976 3799; x_wconf 87' lang='lat' dir='ltr'>quasi</span> 
     </span>
     <span class='ocr_line' id='line_1_36' title="bbox 340 3822 1975 3901; baseline -0.004 -19"><span class='ocrx_word' id='word_1_480' title='bbox 340 3830 445 3885; x_wconf 81' lang='lat' dir='ltr'>‹letotn</span> <span class='ocrx_word' id='word_1_481' title='bbox 462 3844 544 3901; x_wconf 88' lang='lat' dir='ltr'>posse</span> <span class='ocrx_word' id='word_1_482' title='bbox 563 3826 744 3898; x_wconf 88' lang='lat' dir='ltr'>suodepeiiat</span> <span class='ocrx_word' id='word_1_483' title='bbox 763 3828 908 3899; x_wconf 86' lang='lat' dir='ltr'>pravitatis</span> <span class='ocrx_word' id='word_1_484' title='bbox 931 3829 1067 3887; x_wconf 78' lang='lat' dir='ltr'>heretice</span> <span class='ocrx_word' id='word_1_485' title='bbox 1092 3848 1136 3889; x_wconf 85' lang='lat' dir='ltr'>se-</span> <span class='ocrx_word' id='word_1_486' title='bbox 1185 3829 1276 3886; x_wconf 82' lang='lat' dir='ltr'>foedus</span> <span class='ocrx_word' id='word_1_487' title='bbox 1290 3828 1472 3900; x_wconf 88' lang='lat' dir='ltr'>percussisset</span> <span class='ocrx_word' id='word_1_488' title='bbox 1484 3841 1546 3881; x_wconf 93' lang='lat' dir='ltr'>cnm</span> <span class='ocrx_word' id='word_1_489' title='bbox 1570 3825 1664 3879; x_wconf 86' lang='lat' dir='ltr'>eadem</span> <span class='ocrx_word' id='word_1_490' title='bbox 1689 3830 1778 3877; x_wconf 91' lang='lat' dir='ltr'>morte</span> <span class='ocrx_word' id='word_1_491' title='bbox 1793 3822 1904 3893; x_wconf 89' lang='lat' dir='ltr'>p:opria</span> <span class='ocrx_word' id='word_1_492' title='bbox 1919 3835 1975 3876; x_wconf 92' lang='lat' dir='ltr'>non</span> 
     </span>
     <span class='ocr_line' id='line_1_37' title="bbox 340 3916 1976 3996; baseline -0.002 -20"><span class='ocrx_word' id='word_1_493' title='bbox 340 3931 471 3987; x_wconf 82' lang='lat' dir='ltr'>statores,</span> <span class='ocrx_word' id='word_1_494' title='bbox 485 3929 513 3975; x_wconf 87' lang='lat' dir='ltr'>et</span> <span class='ocrx_word' id='word_1_495' title='bbox 525 3935 555 3975; x_wconf 90' lang='lat' dir='ltr'>se</span> <span class='ocrx_word' id='word_1_496' title='bbox 565 3920 626 3991; x_wconf 83' lang='lat' dir='ltr'>paci</span> <span class='ocrx_word' id='word_1_497' title='bbox 637 3929 743 3992; x_wconf 87' lang='lat' dir='ltr'>satagat</span> <span class='ocrx_word' id='word_1_498' title='bbox 754 3921 903 3977; x_wconf 86' lang='lat' dir='ltr'>conciliare</span> <span class='ocrx_word' id='word_1_499' title='bbox 917 3920 1055 3991; x_wconf 86' lang='lat' dir='ltr'>iraternae,</span> <span class='ocrx_word' id='word_1_500' title='bbox 1070 3941 1134 3983; x_wconf 87' lang='lat' dir='ltr'>cum</span> <span class='ocrx_word' id='word_1_501' title='bbox 1185 3924 1317 3996; x_wconf 82' lang='lat' dir='ltr'>recogitet</span> <span class='ocrx_word' id='word_1_502' title='bbox 1344 3921 1414 3993; x_wconf 81' lang='lat' dir='ltr'>(iso.</span> <span class='ocrx_word' id='word_1_503' title='bbox 1430 3919 1539 3989; x_wconf 76' lang='lat' dir='ltr'>xrrxtti,</span> <span class='ocrx_word' id='word_1_504' title='bbox 1553 3920 1577 3975; x_wconf 90' lang='lat' dir='ltr'>si</span> <span class='ocrx_word' id='word_1_505' title='bbox 1597 3917 1667 3973; x_wconf 88' lang='lat' dir='ltr'>forte</span> <span class='ocrx_word' id='word_1_506' title='bbox 1681 3918 1790 3973; x_wconf 84' lang='lat' dir='ltr'>vexatio</span> <span class='ocrx_word' id='word_1_507' title='bbox 1803 3916 1856 3972; x_wconf 88' lang='lat' dir='ltr'>sibi</span> <span class='ocrx_word' id='word_1_508' title='bbox 1871 3918 1976 3972; x_wconf 84' lang='lat' dir='ltr'>tribuat</span> 
     </span>
     <span class='ocr_line' id='line_1_38' title="bbox 340 4010 1975 4089; baseline -0.001 -21"><span class='ocrx_word' id='word_1_509' title='bbox 340 4013 530 4086; x_wconf 88' lang='lat' dir='ltr'>principaliter</span> <span class='ocrx_word' id='word_1_510' title='bbox 542 4021 653 4082; x_wconf 92' lang='lat' dir='ltr'>propter</span> <span class='ocrx_word' id='word_1_511' title='bbox 674 4012 783 4083; x_wconf 88' lang='lat' dir='ltr'>cuipam</span> <span class='ocrx_word' id='word_1_512' title='bbox 796 4028 879 4084; x_wconf 87' lang='lat' dir='ltr'>qnam</span> <span class='ocrx_word' id='word_1_513' title='bbox 900 4014 928 4069; x_wconf 92' lang='lat' dir='ltr'>in</span> <span class='ocrx_word' id='word_1_514' title='bbox 944 4022 1061 4087; x_wconf 89' lang='lat' dir='ltr'>utroque</span> <span class='ocrx_word' id='word_1_515' title='bbox 1081 4032 1134 4072; x_wconf 91' lang='lat' dir='ltr'>no·</span> <span class='ocrx_word' id='word_1_516' title='bbox 1185 4018 1362 4082; x_wconf 74' lang='lat' dir='ltr'>intellectum,</span> <span class='ocrx_word' id='word_1_517' title='bbox 1378 4024 1404 4089; x_wconf 83' lang='lat' dir='ltr'>et</span> <span class='ocrx_word' id='word_1_518' title='bbox 1427 4014 1536 4085; x_wconf 90' lang='lat' dir='ltr'>impieta</span> <span class='ocrx_word' id='word_1_519' title='bbox 1552 4011 1636 4069; x_wconf 87' lang='lat' dir='ltr'>facies</span> <span class='ocrx_word' id='word_1_520' title='bbox 1648 4012 1709 4082; x_wconf 83' lang='lat' dir='ltr'>ejus</span> <span class='ocrx_word' id='word_1_521' title='bbox 1728 4010 1879 4082; x_wconf 82' lang='lat' dir='ltr'>ignominia</span> <span class='ocrx_word' id='word_1_522' title='bbox 1903 4010 1975 4067; x_wconf 88' lang='lat' dir='ltr'>inci·</span> 
     </span>
     <span class='ocr_line' id='line_1_39' title="bbox 339 4086 1975 4178; baseline -0.001 -18"><span class='ocrx_word' id='word_1_523' title='bbox 339 4106 428 4161; x_wconf 80' lang='lat' dir='ltr'>scitur</span> <span class='ocrx_word' id='word_1_524' title='bbox 444 4102 628 4168; x_wconf 77' lang='lat' dir='ltr'>commisisse,</span> <span class='ocrx_word' id='word_1_525' title='bbox 645 4100 673 4157; x_wconf 89' lang='lat' dir='ltr'>in</span> <span class='ocrx_word' id='word_1_526' title='bbox 688 4119 751 4158; x_wconf 92' lang='lat' dir='ltr'>eum</span> <span class='ocrx_word' id='word_1_527' title='bbox 766 4104 954 4161; x_wconf 89' lang='lat' dir='ltr'>ecelesiastica</span> <span class='ocrx_word' id='word_1_528' title='bbox 967 4104 1053 4162; x_wconf 89' lang='lat' dir='ltr'>fuerit</span> <span class='ocrx_word' id='word_1_529' title='bbox 1065 4121 1133 4177; x_wconf 93' lang='lat' dir='ltr'>pvo-</span> <span class='ocrx_word' id='word_1_530' title='bbox 1184 4107 1241 4178; x_wconf 91' lang='lat' dir='ltr'>piat</span> <span class='ocrx_word' id='word_1_531' title='bbox 1255 4105 1394 4176; x_wconf 90' lang='lat' dir='ltr'>inquirere</span> <span class='ocrx_word' id='word_1_532' title='bbox 1408 4118 1508 4160; x_wconf 91' lang='lat' dir='ltr'>nomen</span> <span class='ocrx_word' id='word_1_533' title='bbox 1527 4103 1574 4159; x_wconf 84' lang='lat' dir='ltr'>liei</span> <span class='ocrx_word' id='word_1_534' title='bbox 1589 4104 1624 4159; x_wconf 88' lang='lat' dir='ltr'>ad</span> <span class='ocrx_word' id='word_1_535' title='bbox 1646 4086 1872 4159; x_wconf 82' lang='lat' dir='ltr'>satisfaciendum</span> <span class='ocrx_word' id='word_1_536' title='bbox 1894 4103 1975 4159; x_wconf 79' lang='lat' dir='ltr'>rntts</span> 
     </span>
     <span class='ocr_line' id='line_1_40' title="bbox 340 4194 1974 4268; baseline -0.001 -18"><span class='ocrx_word' id='word_1_537' title='bbox 340 4194 394 4254; x_wconf 91' lang='lat' dir='ltr'>iata</span> <span class='ocrx_word' id='word_1_538' title='bbox 421 4210 558 4262; x_wconf 87' lang='lat' dir='ltr'>censura;</span> <span class='ocrx_word' id='word_1_539' title='bbox 586 4208 746 4265; x_wconf 89' lang='lat' dir='ltr'>quanquam</span> <span class='ocrx_word' id='word_1_540' title='bbox 772 4194 795 4250; x_wconf 90' lang='lat' dir='ltr'>si</span> <span class='ocrx_word' id='word_1_541' title='bbox 825 4195 852 4250; x_wconf 92' lang='lat' dir='ltr'>in</span> <span class='ocrx_word' id='word_1_542' title='bbox 882 4211 947 4252; x_wconf 84' lang='lat' dir='ltr'>suas</span> <span class='ocrx_word' id='word_1_543' title='bbox 974 4196 1133 4268; x_wconf 88' lang='lat' dir='ltr'>iniquitates</span> <span class='ocrx_word' id='word_1_544' title='bbox 1183 4209 1211 4256; x_wconf 94' lang='lat' dir='ltr'>et</span> <span class='ocrx_word' id='word_1_545' title='bbox 1225 4196 1363 4265; x_wconf 75' lang='lat' dir='ltr'>Ecclesiae,</span> <span class='ocrx_word' id='word_1_546' title='bbox 1378 4198 1434 4252; x_wconf 91' lang='lat' dir='ltr'>imo</span> <span class='ocrx_word' id='word_1_547' title='bbox 1448 4194 1514 4263; x_wconf 81' lang='lat' dir='ltr'>ileo,</span> <span class='ocrx_word' id='word_1_548' title='bbox 1530 4196 1651 4267; x_wconf 90' lang='lat' dir='ltr'>pondere</span> <span class='ocrx_word' id='word_1_549' title='bbox 1667 4209 1722 4251; x_wconf 90' lang='lat' dir='ltr'>non</span> <span class='ocrx_word' id='word_1_550' title='bbox 1736 4195 1869 4250; x_wconf 88' lang='lat' dir='ltr'>desinatis</span> <span class='ocrx_word' id='word_1_551' title='bbox 1891 4194 1974 4250; x_wconf 92' lang='lat' dir='ltr'>indu·</span> 
     </span>
     <span class='ocr_line' id='line_1_41' title="bbox 340 4285 1975 4363; baseline -0.001 -18"><span class='ocrx_word' id='word_1_552' title='bbox 340 4289 412 4345; x_wconf 83' lang='lat' dir='ltr'>item</span> <span class='ocrx_word' id='word_1_553' title='bbox 424 4287 540 4345; x_wconf 85' lang='lat' dir='ltr'>noluerit</span> <span class='ocrx_word' id='word_1_554' title='bbox 559 4286 718 4355; x_wconf 84' lang='lat' dir='ltr'>observare,</span> <span class='ocrx_word' id='word_1_555' title='bbox 734 4289 782 4341; x_wconf 86' lang='lat' dir='ltr'>vix</span> <span class='ocrx_word' id='word_1_556' title='bbox 795 4296 888 4358; x_wconf 89' lang='lat' dir='ltr'>posset</span> <span class='ocrx_word' id='word_1_557' title='bbox 907 4302 1029 4360; x_wconf 88' lang='lat' dir='ltr'>congrue</span> <span class='ocrx_word' id='word_1_558' title='bbox 1049 4288 1132 4345; x_wconf 77' lang='lat' dir='ltr'>satis-</span> <span class='ocrx_word' id='word_1_559' title='bbox 1183 4302 1234 4349; x_wconf 72' lang='grc' dir='ltr'>ιιι</span> <span class='ocrx_word' id='word_1_560' title='bbox 1244 4306 1325 4363; x_wconf 88' lang='lat' dir='ltr'>snper</span> <span class='ocrx_word' id='word_1_561' title='bbox 1338 4306 1403 4347; x_wconf 91' lang='lat' dir='ltr'>eum</span> <span class='ocrx_word' id='word_1_562' title='bbox 1416 4289 1603 4361; x_wconf 88' lang='lat' dir='ltr'>oppressionis</span> <span class='ocrx_word' id='word_1_563' title='bbox 1616 4303 1711 4360; x_wconf 85' lang='lat' dir='ltr'>urgere</span> <span class='ocrx_word' id='word_1_564' title='bbox 1733 4289 1823 4358; x_wconf 89' lang='lat' dir='ltr'>ipsum</span> <span class='ocrx_word' id='word_1_565' title='bbox 1837 4295 1866 4343; x_wconf 92' lang='grc' dir='ltr'>ιι</span> <span class='ocrx_word' id='word_1_566' title='bbox 1880 4285 1975 4343; x_wconf 83' lang='lat' dir='ltr'>fauto-</span> 
     </span>
     <span class='ocr_line' id='line_1_42' title="bbox 340 4379 1974 4456; baseline -0.001 -17"><span class='ocrx_word' id='word_1_567' title='bbox 340 4384 430 4441; x_wconf 85' lang='lat' dir='ltr'>facerc</span> <span class='ocrx_word' id='word_1_568' title='bbox 444 4396 500 4437; x_wconf 92' lang='lat' dir='ltr'>non</span> <span class='ocrx_word' id='word_1_569' title='bbox 516 4379 708 4436; x_wconf 82' lang='lat' dir='ltr'>nntnrnmodo</span> <span class='ocrx_word' id='word_1_570' title='bbox 732 4394 783 4451; x_wconf 89' lang='lat' dir='ltr'>pro</span> <span class='ocrx_word' id='word_1_571' title='bbox 810 4380 912 4451; x_wconf 86' lang='lat' dir='ltr'>seipso,</span> <span class='ocrx_word' id='word_1_572' title='bbox 937 4381 985 4436; x_wconf 89' lang='lat' dir='ltr'>sed</span> <span class='ocrx_word' id='word_1_573' title='bbox 1005 4396 1057 4453; x_wconf 93' lang='lat' dir='ltr'>pro</span> <span class='ocrx_word' id='word_1_574' title='bbox 1078 4383 1131 4439; x_wconf 89' lang='lat' dir='ltr'>alia</span> <span class='ocrx_word' id='word_1_575' title='bbox 1183 4401 1227 4441; x_wconf 90' lang='lat' dir='ltr'>res</span> <span class='ocrx_word' id='word_1_576' title='bbox 1239 4385 1361 4456; x_wconf 83' lang='lat' dir='ltr'>ejusdem</span> <span class='ocrx_word' id='word_1_577' title='bbox 1375 4383 1409 4439; x_wconf 81' lang='lat' dir='ltr'>rte</span> <span class='ocrx_word' id='word_1_578' title='bbox 1423 4383 1523 4439; x_wconf 88' lang='lat' dir='ltr'>castris</span> <span class='ocrx_word' id='word_1_579' title='bbox 1537 4381 1646 4437; x_wconf 85' lang='lat' dir='ltr'>Domini</span> <span class='ocrx_word' id='word_1_580' title='bbox 1661 4381 1832 4452; x_wconf 89' lang='lat' dir='ltr'>depellendo,</span> <span class='ocrx_word' id='word_1_581' title='bbox 1847 4389 1876 4435; x_wconf 90' lang='lat' dir='ltr'>et</span> <span class='ocrx_word' id='word_1_582' title='bbox 1896 4381 1974 4437; x_wconf 89' lang='lat' dir='ltr'>aufe·</span> 
     </span>
     <span class='ocr_line' id='line_1_43' title="bbox 339 4470 1973 4548; baseline 0 -17"><span class='ocrx_word' id='word_1_583' title='bbox 339 4475 526 4543; x_wconf 85' lang='lat' dir='ltr'>annititudine,</span> <span class='ocrx_word' id='word_1_584' title='bbox 540 4488 623 4545; x_wconf 91' lang='lat' dir='ltr'>qnam</span> <span class='ocrx_word' id='word_1_585' title='bbox 635 4471 804 4544; x_wconf 88' lang='lat' dir='ltr'>inlaqueum</span> <span class='ocrx_word' id='word_1_586' title='bbox 818 4470 1130 4530; x_wconf 85' lang='lat' dir='ltr'>(iarnrrationisinduxit.</span> <span class='ocrx_word' id='word_1_587' title='bbox 1182 4480 1268 4535; x_wconf 78' lang='lat' dir='ltr'>reneio</span> <span class='ocrx_word' id='word_1_588' title='bbox 1283 4485 1370 4534; x_wconf 89' lang='lat' dir='ltr'>terras</span> <span class='ocrx_word' id='word_1_589' title='bbox 1381 4490 1478 4533; x_wconf 88' lang='lat' dir='ltr'>eorum</span> <span class='ocrx_word' id='word_1_590' title='bbox 1500 4476 1528 4531; x_wconf 92' lang='lat' dir='ltr'>in</span> <span class='ocrx_word' id='word_1_591' title='bbox 1549 4476 1652 4548; x_wconf 90' lang='lat' dir='ltr'>quibus</span> <span class='ocrx_word' id='word_1_592' title='bbox 1676 4475 1803 4546; x_wconf 83' lang='lat' dir='ltr'>relegatis</span> <span class='ocrx_word' id='word_1_593' title='bbox 1823 4475 1973 4544; x_wconf 78' lang='lat' dir='ltr'>hereticis,</span> 
     </span>
     <span class='ocr_line' id='line_1_44' title="bbox 338 4563 1973 4642; baseline -0.001 -14"><span class='ocrx_word' id='word_1_594' title='bbox 338 4572 409 4641; x_wconf 84' lang='lat' dir='ltr'>Quia</span> <span class='ocrx_word' id='word_1_595' title='bbox 419 4584 486 4626; x_wconf 89' lang='lat' dir='ltr'>vcro</span> <span class='ocrx_word' id='word_1_596' title='bbox 495 4567 647 4626; x_wconf 90' lang='lat' dir='ltr'>secundum</span> <span class='ocrx_word' id='word_1_597' title='bbox 673 4565 837 4623; x_wconf 89' lang='lat' dir='ltr'>sententiam</span> <span class='ocrx_word' id='word_1_598' title='bbox 864 4563 996 4625; x_wconf 78' lang='lat' dir='ltr'>Veritatis</span> <span class='ocrx_word' id='word_1_599' title='bbox 1017 4567 1131 4624; x_wconf 88' lang='lat' dir='ltr'>timendi</span> <span class='ocrx_word' id='word_1_600' title='bbox 1183 4570 1349 4629; x_wconf 88' lang='lat' dir='ltr'>habitatores</span> <span class='ocrx_word' id='word_1_601' title='bbox 1363 4570 1498 4627; x_wconf 84' lang='lat' dir='ltr'>Catholici</span> <span class='ocrx_word' id='word_1_602' title='bbox 1516 4571 1709 4642; x_wconf 86' lang='lat' dir='ltr'>subrogentur,</span> <span class='ocrx_word' id='word_1_603' title='bbox 1731 4570 1779 4641; x_wconf 90' lang='lat' dir='ltr'>qni</span> <span class='ocrx_word' id='word_1_604' title='bbox 1798 4569 1905 4625; x_wconf 89' lang='lat' dir='ltr'>scilicet</span> <span class='ocrx_word' id='word_1_605' title='bbox 1925 4585 1973 4626; x_wconf 87' lang='lat' dir='ltr'>or-</span> 
     </span>
     <span class='ocr_line' id='line_1_45' title="bbox 290 4660 1973 4737; baseline -0.002 -14"><span class='ocrx_word' id='word_1_606' title='bbox 290 4705 294 4712; x_wconf 82' lang='lat'><em>·</em></span> <span class='ocrx_word' id='word_1_607' title='bbox 338 4684 392 4726; x_wconf 91' lang='lat' dir='ltr'>non</span> <span class='ocrx_word' id='word_1_608' title='bbox 407 4675 473 4724; x_wconf 91' lang='lat' dir='ltr'>sunt</span> <span class='ocrx_word' id='word_1_609' title='bbox 485 4662 532 4737; x_wconf 90' lang='lat' dir='ltr'>qui</span> <span class='ocrx_word' id='word_1_610' title='bbox 547 4679 649 4735; x_wconf 89' lang='lat' dir='ltr'>corpus</span> <span class='ocrx_word' id='word_1_611' title='bbox 669 4661 811 4730; x_wconf 81' lang='lat' dir='ltr'>occidunt,</span> <span class='ocrx_word' id='word_1_612' title='bbox 826 4661 874 4717; x_wconf 90' lang='lat' dir='ltr'>sed</span> <span class='ocrx_word' id='word_1_613' title='bbox 900 4660 947 4718; x_wconf 88' lang='lat' dir='ltr'>iiie</span> <span class='ocrx_word' id='word_1_614' title='bbox 970 4662 1019 4734; x_wconf 88' lang='lat' dir='ltr'>qui</span> <span class='ocrx_word' id='word_1_615' title='bbox 1041 4672 1132 4735; x_wconf 88' lang='lat' dir='ltr'>potest</span> <span class='ocrx_word' id='word_1_616' title='bbox 1183 4665 1308 4721; x_wconf 84' lang='lat' dir='ltr'>tbodoxae</span> <span class='ocrx_word' id='word_1_617' title='bbox 1331 4664 1393 4721; x_wconf 85' lang='lat' dir='ltr'>tidei</span> <span class='ocrx_word' id='word_1_618' title='bbox 1418 4671 1518 4720; x_wconf 84' lang='lat' dir='ltr'>nostrae</span> <span class='ocrx_word' id='word_1_619' title='bbox 1537 4664 1710 4736; x_wconf 85' lang='lat' dir='ltr'>disciplinam</span> <span class='ocrx_word' id='word_1_620' title='bbox 1732 4663 1760 4717; x_wconf 89' lang='lat' dir='ltr'>in</span> <span class='ocrx_word' id='word_1_621' title='bbox 1778 4661 1926 4718; x_wconf 88' lang='lat' dir='ltr'>sanctitate</span> <span class='ocrx_word' id='word_1_622' title='bbox 1946 4674 1973 4719; x_wconf 91' lang='lat' dir='ltr'>et</span> 
     </span>
     <span class='ocr_line' id='line_1_46' title="bbox 337 4754 1738 4833; baseline -0.006 -14"><span class='ocrx_word' id='word_1_623' title='bbox 337 4762 445 4819; x_wconf 89' lang='lat' dir='ltr'>mittere</span> <span class='ocrx_word' id='word_1_624' title='bbox 457 4774 560 4833; x_wconf 90' lang='lat' dir='ltr'>corpus</span> <span class='ocrx_word' id='word_1_625' title='bbox 572 4767 600 4814; x_wconf 91' lang='lat' dir='ltr'>et</span> <span class='ocrx_word' id='word_1_626' title='bbox 614 4757 736 4813; x_wconf 85' lang='lat' dir='ltr'>animant</span> <span class='ocrx_word' id='word_1_627' title='bbox 754 4756 782 4813; x_wconf 88' lang='lat' dir='ltr'>in</span> <span class='ocrx_word' id='word_1_628' title='bbox 797 4755 951 4829; x_wconf 83' lang='lat' dir='ltr'>gebennam</span> <span class='ocrx_word' id='word_1_629' title='bbox 974 4754 1126 4829; x_wconf 71' lang='lat' dir='ltr'>(derexit),</span> <span class='ocrx_word' id='word_1_630' title='bbox 1144 4757 1282 4831; x_wconf 85' lang='lat' dir='ltr'>bjustitia</span> <span class='ocrx_word' id='word_1_631' title='bbox 1298 4758 1418 4816; x_wconf 89' lang='lat' dir='ltr'>serviant</span> <span class='ocrx_word' id='word_1_632' title='bbox 1433 4772 1526 4815; x_wconf 91' lang='lat' dir='ltr'>coram</span> <span class='ocrx_word' id='word_1_633' title='bbox 1542 4758 1598 4813; x_wconf 87' lang='lat' dir='ltr'>iieo</span> <span class='ocrx_word' id='word_1_634' title='bbox 1615 4756 1693 4828; x_wconf 81' lang='lat' dir='ltr'>(bec.</span> <span class='ocrx_word' id='word_1_635' title='bbox 1704 4758 1738 4827; x_wconf 78' lang='grc' dir='ltr'>ι).</span> 
     </span>
    </p>
   </div>
   <div class='ocr_carea' id='block_1_3' title="bbox 337 4844 1971 5006">
    <p class='ocr_par' dir='ltr' id='par_1_4' title="bbox 337 4844 1971 5006">
     <span class='ocr_line' id='line_1_47' title="bbox 337 4844 1971 4944; baseline -0.006 -38"><span class='ocrx_word' id='word_1_636' title='bbox 337 4850 501 4908; x_wconf 89' lang='lat' dir='ltr'>confidimus</span> <span class='ocrx_word' id='word_1_637' title='bbox 515 4858 543 4906; x_wconf 92' lang='lat' dir='ltr'>et</span> <span class='ocrx_word' id='word_1_638' title='bbox 564 4862 709 4919; x_wconf 88' lang='lat' dir='ltr'>speramus</span> <span class='ocrx_word' id='word_1_639' title='bbox 724 4845 754 4901; x_wconf 95' lang='lat' dir='ltr'>in</span> <span class='ocrx_word' id='word_1_640' title='bbox 775 4860 809 4901; x_wconf 91' lang='lat' dir='ltr'>eo</span> <span class='ocrx_word' id='word_1_641' title='bbox 831 4844 891 4916; x_wconf 92' lang='lat' dir='ltr'>qni,</span> <span class='ocrx_word' id='word_1_642' title='bbox 908 4854 937 4900; x_wconf 91' lang='lat' dir='ltr'>ut</span> <span class='ocrx_word' id='word_1_643' title='bbox 962 4860 979 4900; x_wconf 91' lang='lat' dir='ltr'>a</span> <span class='ocrx_word' id='word_1_644' title='bbox 1002 4844 1129 4903; x_wconf 91' lang='lat' dir='ltr'>fidelibus</span> <span class='ocrx_word' id='word_1_645' title='bbox 1214 4873 1313 4931; x_wconf 58' lang='lat' dir='ltr'>„mum</span> <span class='ocrx_word' id='word_1_646' title='bbox 1336 4872 1479 4940; x_wconf 41' lang='lat' dir='ltr'>Laterani,</span> <span class='ocrx_word' id='word_1_647' title='bbox 1504 4889 1531 4929; x_wconf 60' lang='grc' dir='ltr'>,Ι</span> <span class='ocrx_word' id='word_1_648' title='bbox 1555 4871 1594 4929; x_wconf 47' lang='lat' dir='ltr'>qd·</span> <span class='ocrx_word' id='word_1_649' title='bbox 1619 4870 1727 4939; x_wconf 44' lang='lat' dir='ltr'><strong>marm,</strong></span> <span class='ocrx_word' id='word_1_650' title='bbox 1754 4871 1854 4944; x_wconf 43' lang='lat' dir='ltr'><strong>pomis·</strong></span> <span class='ocrx_word' id='word_1_651' title='bbox 1884 4873 1971 4928; x_wconf 53' lang='lat' dir='ltr'><strong>„osui</strong></span> 
     </span>
     <span class='ocr_line' id='line_1_48' title="bbox 337 4937 1128 5006; baseline -0.008 -7"><span class='ocrx_word' id='word_1_652' title='bbox 337 4942 396 5001; x_wconf 85' lang='lat' dir='ltr'>suis</span> <span class='ocrx_word' id='word_1_653' title='bbox 408 4941 534 4997; x_wconf 90' lang='lat' dir='ltr'>timorem</span> <span class='ocrx_word' id='word_1_654' title='bbox 551 4939 650 4996; x_wconf 92' lang='lat' dir='ltr'>mortis</span> <span class='ocrx_word' id='word_1_655' title='bbox 671 4938 804 5006; x_wconf 75' lang='lat' dir='ltr'>auferret,</span> <span class='ocrx_word' id='word_1_656' title='bbox 822 4945 949 4994; x_wconf 89' lang='lat' dir='ltr'>mortuus</span> <span class='ocrx_word' id='word_1_657' title='bbox 976 4937 1021 4994; x_wconf 89' lang='lat' dir='ltr'>die</span> <span class='ocrx_word' id='word_1_658' title='bbox 1048 4938 1128 4995; x_wconf 89' lang='lat' dir='ltr'>tertia</span> 
     </span>
    </p>
   </div>
   <div class='ocr_carea' id='block_1_4' title="bbox 310 5029 1128 5850">
    <p class='ocr_par' dir='ltr' id='par_1_5' title="bbox 334 5029 1128 5467">
     <span class='ocr_line' id='line_1_49' title="bbox 335 5029 1128 5106; baseline -0.005 -13"><span class='ocrx_word' id='word_1_659' title='bbox 335 5034 489 5093; x_wconf 79' lang='lat' dir='ltr'>resurrexit</span> <span class='ocrx_word' id='word_1_660' title='bbox 517 5031 596 5106; x_wconf 78' lang='lat' dir='ltr'>(dac.</span> <span class='ocrx_word' id='word_1_661' title='bbox 620 5033 710 5100; x_wconf 81' lang='lat' dir='ltr'>xxiv),</span> <span class='ocrx_word' id='word_1_662' title='bbox 730 5029 807 5104; x_wconf 90' lang='lat' dir='ltr'>quod</span> <span class='ocrx_word' id='word_1_663' title='bbox 821 5029 927 5102; x_wconf 84' lang='lat' dir='ltr'>praefati</span> <span class='ocrx_word' id='word_1_664' title='bbox 942 5030 1063 5088; x_wconf 87' lang='lat' dir='ltr'>hominis</span> <span class='ocrx_word' id='word_1_665' title='bbox 1079 5031 1128 5090; x_wconf 85' lang='lat' dir='ltr'>liei</span> 
     </span>
     <span class='ocr_line' id='line_1_50' title="bbox 335 5121 1128 5197; baseline -0.009 -10"><span class='ocrx_word' id='word_1_666' title='bbox 335 5144 421 5197; x_wconf 89' lang='lat' dir='ltr'>mors,</span> <span class='ocrx_word' id='word_1_667' title='bbox 436 5125 587 5184; x_wconf 79' lang='lat' dir='ltr'>venerabili</span> <span class='ocrx_word' id='word_1_668' title='bbox 602 5124 681 5182; x_wconf 88' lang='lat' dir='ltr'>fratri</span> <span class='ocrx_word' id='word_1_669' title='bbox 696 5133 792 5182; x_wconf 89' lang='lat' dir='ltr'>nostro</span> <span class='ocrx_word' id='word_1_670' title='bbox 805 5121 1011 5180; x_wconf 83' lang='lat' dir='ltr'>consoranensi</span> <span class='ocrx_word' id='word_1_671' title='bbox 1021 5124 1128 5196; x_wconf 89' lang='lat' dir='ltr'>episco-</span> 
     </span>
     <span class='ocr_line' id='line_1_51' title="bbox 334 5214 1128 5297; baseline -0.008 -18"><span class='ocrx_word' id='word_1_672' title='bbox 334 5240 371 5297; x_wconf 95' lang='lat' dir='ltr'>po</span> <span class='ocrx_word' id='word_1_673' title='bbox 384 5230 412 5280; x_wconf 94' lang='grc' dir='ltr'>ιι</span> <span class='ocrx_word' id='word_1_674' title='bbox 425 5218 528 5277; x_wconf 89' lang='lat' dir='ltr'>diiecto</span> <span class='ocrx_word' id='word_1_675' title='bbox 543 5218 601 5275; x_wconf 93' lang='lat' dir='ltr'>iiiio</span> <span class='ocrx_word' id='word_1_676' title='bbox 615 5218 649 5275; x_wconf 77' lang='lat' dir='ltr'>A.</span> <span class='ocrx_word' id='word_1_677' title='bbox 663 5218 755 5274; x_wconf 90' lang='lat' dir='ltr'>abbati</span> <span class='ocrx_word' id='word_1_678' title='bbox 771 5214 949 5273; x_wconf 81' lang='lat' dir='ltr'>cisterciensi</span> <span class='ocrx_word' id='word_1_679' title='bbox 969 5216 1128 5288; x_wconf 71' lang='lat' dir='ltr'>apostolice</span> 
     </span>
     <span class='ocr_line' id='line_1_52' title="bbox 334 5308 1126 5385; baseline -0.009 -12"><span class='ocrx_word' id='word_1_680' title='bbox 334 5314 408 5373; x_wconf 86' lang='lat' dir='ltr'>sedis</span> <span class='ocrx_word' id='word_1_681' title='bbox 423 5313 530 5385; x_wconf 89' lang='lat' dir='ltr'>legatis,</span> <span class='ocrx_word' id='word_1_682' title='bbox 546 5312 663 5383; x_wconf 91' lang='lat' dir='ltr'>aliisque</span> <span class='ocrx_word' id='word_1_683' title='bbox 679 5310 841 5367; x_wconf 76' lang='lat' dir='ltr'>orthodoxe</span> <span class='ocrx_word' id='word_1_684' title='bbox 853 5308 917 5365; x_wconf 89' lang='lat' dir='ltr'>fidei</span> <span class='ocrx_word' id='word_1_685' title='bbox 931 5308 1126 5378; x_wconf 88' lang='lat' dir='ltr'>sectatoribus,</span> 
     </span>
     <span class='ocr_line' id='line_1_53' title="bbox 335 5399 1127 5467; baseline -0.005 -7"><span class='ocrx_word' id='word_1_686' title='bbox 335 5421 389 5461; x_wconf 83' lang='grc' dir='ltr'>ιιιιι.</span> <span class='ocrx_word' id='word_1_687' title='bbox 402 5405 491 5462; x_wconf 88' lang='lat' dir='ltr'>solum</span> <span class='ocrx_word' id='word_1_688' title='bbox 504 5403 631 5460; x_wconf 90' lang='lat' dir='ltr'>timorem</span> <span class='ocrx_word' id='word_1_689' title='bbox 644 5418 699 5460; x_wconf 89' lang='lat' dir='ltr'>non</span> <span class='ocrx_word' id='word_1_690' title='bbox 718 5402 845 5467; x_wconf 89' lang='lat' dir='ltr'>incutiet,</span> <span class='ocrx_word' id='word_1_691' title='bbox 862 5399 910 5458; x_wconf 89' lang='lat' dir='ltr'>sed</span> <span class='ocrx_word' id='word_1_692' title='bbox 932 5415 1055 5456; x_wconf 89' lang='lat' dir='ltr'>amorem</span> <span class='ocrx_word' id='word_1_693' title='bbox 1079 5414 1127 5457; x_wconf 91' lang='lat' dir='ltr'>ac-</span> 
     </span>
    </p>

    <p class='ocr_par' dir='ltr' id='par_1_6' title="bbox 310 5482 1126 5850">
     <span class='ocr_line' id='line_1_54' title="bbox 310 5482 1126 5571; baseline -0.005 -16"><span class='ocrx_word' id='word_1_694' title='bbox 310 5482 315 5497; x_wconf 78' lang='grc'>’</span> <span class='ocrx_word' id='word_1_695' title='bbox 334 5498 441 5567; x_wconf 82' lang='grc' dir='ltr'>ιιιιιιι,</span> <span class='ocrx_word' id='word_1_696' title='bbox 460 5508 492 5556; x_wconf 90' lang='grc' dir='ltr'>ιιι</span> <span class='ocrx_word' id='word_1_697' title='bbox 502 5497 562 5571; x_wconf 76' lang='lat' dir='ltr'>eius</span> <span class='ocrx_word' id='word_1_698' title='bbox 572 5495 699 5569; x_wconf 83' lang='lat' dir='ltr'>exemplo</span> <span class='ocrx_word' id='word_1_699' title='bbox 712 5494 761 5569; x_wconf 91' lang='lat' dir='ltr'>qui</span> <span class='ocrx_word' id='word_1_700' title='bbox 773 5496 858 5552; x_wconf 91' lang='lat' dir='ltr'>vitam</span> <span class='ocrx_word' id='word_1_701' title='bbox 874 5502 1006 5552; x_wconf 80' lang='lat' dir='ltr'>aternam</span> <span class='ocrx_word' id='word_1_702' title='bbox 1020 5502 1126 5567; x_wconf 75' lang='lat' dir='ltr'>tempo</span> 
     </span>
     <span class='ocr_line' id='line_1_55' title="bbox 333 5587 1125 5657; baseline -0.008 -8"><span class='ocrx_word' id='word_1_703' title='bbox 333 5592 385 5649; x_wconf 89' lang='lat' dir='ltr'>raii</span> <span class='ocrx_word' id='word_1_704' title='bbox 401 5602 491 5650; x_wconf 88' lang='lat' dir='ltr'>morte</span> <span class='ocrx_word' id='word_1_705' title='bbox 514 5590 631 5648; x_wconf 85' lang='lat' dir='ltr'>feliciter</span> <span class='ocrx_word' id='word_1_706' title='bbox 649 5598 692 5648; x_wconf 91' lang='lat' dir='ltr'>est</span> <span class='ocrx_word' id='word_1_707' title='bbox 716 5599 864 5657; x_wconf 91' lang='lat' dir='ltr'>mercatus,</span> <span class='ocrx_word' id='word_1_708' title='bbox 880 5587 988 5644; x_wconf 88' lang='lat' dir='ltr'>animas</span> <span class='ocrx_word' id='word_1_709' title='bbox 1007 5602 1073 5645; x_wconf 87' lang='lat' dir='ltr'>suas</span> <span class='ocrx_word' id='word_1_710' title='bbox 1097 5588 1125 5643; x_wconf 91' lang='lat' dir='ltr'>in</span> 
     </span>
     <span class='ocr_line' id='line_1_56' title="bbox 332 5678 1124 5757; baseline -0.006 -18"><span class='ocrx_word' id='word_1_711' title='bbox 332 5696 391 5741; x_wconf 82' lang='lat' dir='ltr'>ram</span> <span class='ocrx_word' id='word_1_712' title='bbox 404 5684 526 5757; x_wconf 89' lang='lat' dir='ltr'>glorioso</span> <span class='ocrx_word' id='word_1_713' title='bbox 536 5682 701 5750; x_wconf 86' lang='lat' dir='ltr'>certamine,</span> <span class='ocrx_word' id='word_1_714' title='bbox 708 5681 731 5736; x_wconf 87' lang='lat' dir='ltr'>si</span> <span class='ocrx_word' id='word_1_715' title='bbox 742 5696 856 5738; x_wconf 85' lang='lat' dir='ltr'>neeesse</span> <span class='ocrx_word' id='word_1_716' title='bbox 869 5678 963 5748; x_wconf 91' lang='lat' dir='ltr'>fucrit,</span> <span class='ocrx_word' id='word_1_717' title='bbox 981 5693 1030 5752; x_wconf 89' lang='lat' dir='ltr'>pro</span> <span class='ocrx_word' id='word_1_718' title='bbox 1042 5678 1124 5736; x_wconf 89' lang='lat' dir='ltr'>Chri·</span> 
     </span>
     <span class='ocr_line' id='line_1_57' title="bbox 332 5774 741 5850; baseline -0.01 -15"><span class='ocrx_word' id='word_1_719' title='bbox 332 5788 377 5835; x_wconf 87' lang='lat' dir='ltr'>ato</span> <span class='ocrx_word' id='word_1_720' title='bbox 395 5791 498 5850; x_wconf 91' lang='lat' dir='ltr'>ponere</span> <span class='ocrx_word' id='word_1_721' title='bbox 514 5791 569 5834; x_wconf 91' lang='lat' dir='ltr'>uon</span> <span class='ocrx_word' id='word_1_722' title='bbox 582 5774 741 5832; x_wconf 87' lang='lat' dir='ltr'>formident.</span> 
     </span>
    </p>
   </div>
   <div class='ocr_carea' id='block_1_5' title="bbox 1178 4982 1291 5025">
    <p class='ocr_par' dir='ltr' id='par_1_7' title="bbox 1178 4982 1291 5025">
     <span class='ocr_line' id='line_1_58' title="bbox 1178 4982 1291 5025; baseline -0.018 -2"><span class='ocrx_word' id='word_1_723' title='bbox 1178 4982 1246 5025; x_wconf 79' lang='lat' dir='ltr'>ann.</span> <span class='ocrx_word' id='word_1_724' title='bbox 1261 4983 1291 5022; x_wconf 82' lang='lat' dir='ltr'>tt.</span> 
     </span>
    </p>
   </div>
   <div class='ocr_carea' id='block_1_6' title="bbox 1179 5079 1970 5233">
    <p class='ocr_par' dir='ltr' id='par_1_8' title="bbox 1179 5079 1970 5233">
     <span class='ocr_line' id='line_1_59' title="bbox 1214 5079 1970 5152; baseline -0.008 -15"><span class='ocrx_word' id='word_1_725' title='bbox 1214 5080 1266 5139; x_wconf 89' lang='lat' dir='ltr'>llis</span> <span class='ocrx_word' id='word_1_726' title='bbox 1277 5082 1358 5140; x_wconf 86' lang='lat' dir='ltr'>dictis</span> <span class='ocrx_word' id='word_1_727' title='bbox 1371 5082 1406 5138; x_wconf 90' lang='lat' dir='ltr'>de</span> <span class='ocrx_word' id='word_1_728' title='bbox 1421 5092 1510 5140; x_wconf 90' lang='lat' dir='ltr'>morte</span> <span class='ocrx_word' id='word_1_729' title='bbox 1520 5081 1687 5139; x_wconf 85' lang='lat' dir='ltr'>sanctissimi</span> <span class='ocrx_word' id='word_1_730' title='bbox 1700 5080 1752 5138; x_wconf 88' lang='lat' dir='ltr'>viri</span> <span class='ocrx_word' id='word_1_731' title='bbox 1762 5079 1924 5152; x_wconf 78' lang='lat' dir='ltr'>prelibatis,</span> <span class='ocrx_word' id='word_1_732' title='bbox 1936 5092 1970 5134; x_wconf 86' lang='lat' dir='ltr'>au</span> 
     </span>
     <span class='ocr_line' id='line_1_60' title="bbox 1179 5174 1752 5233; baseline -0.005 -2"><span class='ocrx_word' id='word_1_733' title='bbox 1179 5175 1349 5231; x_wconf 88' lang='lat' dir='ltr'>narrationis</span> <span class='ocrx_word' id='word_1_734' title='bbox 1366 5183 1467 5231; x_wconf 79' lang='lat' dir='ltr'>nostre</span> <span class='ocrx_word' id='word_1_735' title='bbox 1481 5176 1581 5232; x_wconf 85' lang='lat' dir='ltr'>seriem</span> <span class='ocrx_word' id='word_1_736' title='bbox 1596 5174 1752 5233; x_wconf 87' lang='lat' dir='ltr'>redeamus.</span> 
     </span>
    </p>
   </div>
   <div class='ocr_carea' id='block_1_7' title="bbox 1476 5356 1663 5417">
    <p class='ocr_par' dir='ltr' id='par_1_9' title="bbox 1476 5356 1663 5417">
     <span class='ocr_line' id='line_1_61' title="bbox 1476 5356 1663 5417; baseline 0.005 -1"><span class='ocrx_word' id='word_1_737' title='bbox 1476 5356 1592 5416; x_wconf 73' lang='lat' dir='ltr'>cetur</span> <span class='ocrx_word' id='word_1_738' title='bbox 1615 5358 1663 5417; x_wconf 83' lang='lat' dir='ltr'>tit.</span> 
     </span>
    </p>
   </div>
   <div class='ocr_carea' id='block_1_8' title="bbox 1179 5494 1969 5711">
    <p class='ocr_par' dir='ltr' id='par_1_10' title="bbox 1179 5494 1969 5711">
     <span class='ocr_line' id='line_1_62' title="bbox 1179 5494 1969 5583; baseline 0.004 -33"><span class='ocrx_word' id='word_1_739' title='bbox 1179 5494 1325 5552; x_wconf 70' lang='lat' dir='ltr'>Tabernas</span> <span class='ocrx_word' id='word_1_740' title='bbox 1339 5506 1364 5552; x_wconf 80' lang='grc' dir='ltr'>ιι</span> <span class='ocrx_word' id='word_1_741' title='bbox 1378 5495 1587 5581; x_wconf 71' lang='lat' dir='ltr'>Cameracensis</span> <span class='ocrx_word' id='word_1_742' title='bbox 1608 5497 1733 5583; x_wconf 56' lang='lat' dir='ltr'>episcopi¹</span> <span class='ocrx_word' id='word_1_743' title='bbox 1744 5494 1857 5582; x_wconf 72' lang='lat' dir='ltr'>nonan</span> <span class='ocrx_word' id='word_1_744' title='bbox 1877 5499 1969 5569; x_wconf 72' lang='lat' dir='ltr'>heca·</span> 
     </span>
     <span class='ocr_line' id='line_1_63' title="bbox 1211 5568 1921 5711; baseline 0.003 -17"><span class='ocrx_word' id='word_1_745' title='bbox 1211 5568 1693 5711; x_wconf 56' lang='lat' dir='ltr'>tltetttttttf‘thtttttt‘m</span> <span class='ocrx_word' id='word_1_746' title='bbox 1708 5569 1877 5625; x_wconf 40' lang='grc' dir='ltr'>ΝΜ</span> <span class='ocrx_word' id='word_1_747' title='bbox 1893 5569 1969 5624; x_wconf 73' lang='grc'>””“’</span> 
     </span>
    </p>
   </div>
   <div class='ocr_carea' id='block_1_9' title="bbox 1212 5772 1967 5847">
    <p class='ocr_par' dir='ltr' id='par_1_11' title="bbox 1212 5772 1967 5847">
     <span class='ocr_line' id='line_1_64' title="bbox 1212 5772 1967 5847; baseline 0.004 -20"><span class='ocrx_word' id='word_1_748' title='bbox 1212 5772 1341 5830; x_wconf 87' lang='lat' dir='ltr'>llidentes</span> <span class='ocrx_word' id='word_1_749' title='bbox 1352 5773 1436 5846; x_wconf 88' lang='lat' dir='ltr'>igitur</span> <span class='ocrx_word' id='word_1_750' title='bbox 1449 5774 1555 5845; x_wconf 78' lang='lat' dir='ltr'>praelati</span> <span class='ocrx_word' id='word_1_751' title='bbox 1568 5773 1755 5833; x_wconf 85' lang='lat' dir='ltr'>Narbonensis</span> <span class='ocrx_word' id='word_1_752' title='bbox 1765 5775 1926 5847; x_wconf 75' lang='lat' dir='ltr'>provinciae,</span> <span class='ocrx_word' id='word_1_753' title='bbox 1938 5783 1967 5831; x_wconf 88' lang='lat' dir='ltr'>et</span> 
     </span>
    </p>
   </div>
   <div class='ocr_carea' id='block_1_10' title="bbox 323 5865 1966 6135">
    <p class='ocr_par' dir='ltr' id='par_1_12' title="bbox 323 5865 1966 6135">
     <span class='ocr_line' id='line_1_65' title="bbox 370 5865 1966 5943; baseline -0.001 -14"><span class='ocrx_word' id='word_1_754' title='bbox 370 5871 446 5929; x_wconf 80' lang='lat' dir='ltr'>ilerde</span> <span class='ocrx_word' id='word_1_755' title='bbox 469 5870 683 5943; x_wconf 83' lang='lat' dir='ltr'>archiepiscopis</span> <span class='ocrx_word' id='word_1_756' title='bbox 705 5880 732 5927; x_wconf 89' lang='lat' dir='ltr'>et</span> <span class='ocrx_word' id='word_1_757' title='bbox 759 5870 896 5943; x_wconf 89' lang='lat' dir='ltr'>episcopis</span> <span class='ocrx_word' id='word_1_758' title='bbox 922 5868 1123 5926; x_wconf 89' lang='lat' dir='ltr'>consulendum</span> <span class='ocrx_word' id='word_1_759' title='bbox 1175 5867 1221 5922; x_wconf 90' lang='lat' dir='ltr'>aiii</span> <span class='ocrx_word' id='word_1_760' title='bbox 1244 5881 1315 5938; x_wconf 91' lang='lat' dir='ltr'>qnos</span> <span class='ocrx_word' id='word_1_761' title='bbox 1336 5865 1464 5938; x_wconf 86' lang='lat' dir='ltr'>tangebat</span> <span class='ocrx_word' id='word_1_762' title='bbox 1487 5869 1625 5941; x_wconf 87' lang='lat' dir='ltr'>negotium</span> <span class='ocrx_word' id='word_1_763' title='bbox 1644 5872 1720 5941; x_wconf 89' lang='lat' dir='ltr'>pacis</span> <span class='ocrx_word' id='word_1_764' title='bbox 1734 5882 1763 5926; x_wconf 88' lang='lat' dir='ltr'>et</span> <span class='ocrx_word' id='word_1_765' title='bbox 1779 5870 1854 5939; x_wconf 88' lang='lat' dir='ltr'>fidei,</span> <span class='ocrx_word' id='word_1_766' title='bbox 1868 5870 1966 5927; x_wconf 85' lang='lat' dir='ltr'>deces-</span> 
     </span>
     <span class='ocr_line' id='line_1_66' title="bbox 332 5957 1966 6036; baseline 0.001 -17"><span class='ocrx_word' id='word_1_767' title='bbox 332 5962 473 6027; x_wconf 81' lang='lat' dir='ltr'>dusimus,</span> <span class='ocrx_word' id='word_1_768' title='bbox 494 5961 687 6030; x_wconf 88' lang='lat' dir='ltr'>admonendo,</span> <span class='ocrx_word' id='word_1_769' title='bbox 711 5977 807 6034; x_wconf 91' lang='lat' dir='ltr'>preces</span> <span class='ocrx_word' id='word_1_770' title='bbox 824 5962 977 6036; x_wconf 79' lang='lat' dir='ltr'>praecptis,</span> <span class='ocrx_word' id='word_1_771' title='bbox 990 5971 1124 6033; x_wconf 75' lang='lat' dir='ltr'>precepta</span> <span class='ocrx_word' id='word_1_772' title='bbox 1175 5958 1245 6014; x_wconf 88' lang='lat' dir='ltr'>sisse</span> <span class='ocrx_word' id='word_1_773' title='bbox 1260 5959 1346 6014; x_wconf 88' lang='lat' dir='ltr'>honos</span> <span class='ocrx_word' id='word_1_774' title='bbox 1359 5958 1433 6015; x_wconf 85' lang='lat' dir='ltr'>viros</span> <span class='ocrx_word' id='word_1_775' title='bbox 1448 5957 1630 6018; x_wconf 80' lang='lat' dir='ltr'>oxomensem</span> <span class='ocrx_word' id='word_1_776' title='bbox 1649 5963 1808 6036; x_wconf 89' lang='lat' dir='ltr'>episcopum</span> <span class='ocrx_word' id='word_1_777' title='bbox 1823 5974 1851 6019; x_wconf 88' lang='lat' dir='ltr'>et</span> <span class='ocrx_word' id='word_1_778' title='bbox 1863 5962 1966 6021; x_wconf 84' lang='lat' dir='ltr'>fratrea</span> 
     </span>
     <span class='ocr_line' id='line_1_67' title="bbox 323 6049 1965 6135; baseline 0.006 -28"><span class='ocrx_word' id='word_1_779' title='bbox 323 6053 459 6122; x_wconf 80' lang='lat' dir='ltr'>precibus</span> <span class='ocrx_word' id='word_1_780' title='bbox 472 6052 652 6122; x_wconf 88' lang='lat' dir='ltr'>inculcantes,</span> <span class='ocrx_word' id='word_1_781' title='bbox 670 6060 705 6110; x_wconf 89' lang='lat' dir='ltr'>ut</span> <span class='ocrx_word' id='word_1_782' title='bbox 724 6052 877 6126; x_wconf 85' lang='lat' dir='ltr'>legatorum</span> <span class='ocrx_word' id='word_1_783' title='bbox 903 6054 1026 6125; x_wconf 88' lang='lat' dir='ltr'>ipsorum</span> <span class='ocrx_word' id='word_1_784' title='bbox 1049 6054 1124 6111; x_wconf 87' lang='lat' dir='ltr'>sain·</span> <span class='ocrx_word' id='word_1_785' title='bbox 1175 6049 1330 6108; x_wconf 80' lang='grc' dir='ltr'>Ριιιιιιιιι</span> <span class='ocrx_word' id='word_1_786' title='bbox 1342 6051 1522 6135; x_wconf 72' lang='lat' dir='ltr'>castronovo,</span> <span class='ocrx_word' id='word_1_787' title='bbox 1534 6064 1562 6113; x_wconf 84' lang='lat' dir='ltr'>et</span> <span class='ocrx_word' id='word_1_788' title='bbox 1579 6054 1612 6112; x_wconf 71' lang='lat' dir='ltr'>li.</span> <span class='ocrx_word' id='word_1_789' title='bbox 1632 6054 1818 6128; x_wconf 77' lang='lat' dir='ltr'>Radoipbum,</span> <span class='ocrx_word' id='word_1_790' title='bbox 1835 6058 1885 6129; x_wconf 90' lang='lat' dir='ltr'>qui</span> <span class='ocrx_word' id='word_1_791' title='bbox 1905 6056 1965 6117; x_wconf 89' lang='lat' dir='ltr'>fue·</span> 
     </span>
    </p>
   </div>
   <div class='ocr_carea' id='block_1_11' title="bbox 0 0 2180 6709">
    <p class='ocr_par' dir='ltr' id='par_1_13' title="bbox 0 0 2180 6709">
     <span class='ocr_line' id='line_1_68' title="bbox 0 0 2180 6709; baseline 0 8"><span class='ocrx_word' id='word_1_792' title='bbox 0 0 2180 6709; x_wconf 95' lang='lat' dir='ltr'> </span> 
     </span>
    </p>
   </div>
  </div>
 </body>
</html>
