4350 6709
347 524 402 582 ma
858 523 961 585 neunt
983 526 1107 583 vacuis
1125 526 1266 583 canaan
1283 526 1438 584 nanneni
1518 575 1523 587 .
1756 518 1762 525 ’
1911 532 1966 592 aaa

341 641 488 699 communi
501 643 614 698 assc'nsu
627 649 680 695 tam
693 640 844 711 legatorum
853 646 936 712 gnam
948 642 1132 712 prelatorum,
1149 651 1171 709 Α
1184 643 1266 699 etiam
1282 643 1320 700 ibi
1332 641 1495 698 venerabilis
1507 641 1654 712 episcopus
1667 641 1844 701 Carcassone
1866 643 1969 713 Guido,

341 735 555 793 ·Ebretlnnensis
582 733 805 805 archiepiscopus
828 735 972 800 Girurdus,
984 736 1027 789 vir
1039 736 1133 791 multe
1176 738 1230 807 *qui
1248 738 1282 793 ad
1302 752 1397 807 preces
1423 736 1524 792 nobilis
1538 735 1648 792 comitis
1672 734 1866 801 Montislortis,
1883 738 1967 806 paulo

342 827 471 885 scientie
483 833 511 880 ct
525 824 611 880 totius
624 823 773 889 bonitatis,
790 826 892 882 missus
906 835 948 882 est
965 826 1092 886 Romam.
1106 834 1134 882 et
1184 837 1247 884 ante
1264 843 1315 900 pro
1346 829 1457 900 negotio
1467 827 1530 883 lidei
1545 828 1577 883 ad
1589 836 1680 898 partes
1692 826 1870 884 descenderat
1883 827 1972 884 Galli-

338 918 460 989 ιιιιιιιιιιιι
484 916 575 972 elerici
599 931 661 971 eum
675 931 719 978 eo,
735 917 840 972 litteras
866 927 923 972 tam
947 918 1026 988 legati
1049 934 1131 989 gaiam
1183 936 1278 987 canas,
1294 928 1393 976 etcum
1404 920 1544 977 Ludovieo
1557 920 1694 975 ueniebat.
1709 917 1863 976 laudovicus'
1877 930 1972 977 autem

337 1010 523 1078 prelatorum
539 1006 655 1063 lerentcs
668 1021 772 1072 secum,
792 1007 819 1060 in
834 1009 933 1077 quibus
944 1009 1133 1078 supplicabant
1174 1014 1341 1083 etquicum
1364 1028 1397 1069 eo
1414 1023 1493 1068 erant
1525 1012 1614 1084 ipsum
1644 1014 1789 1068 tenerrime
1807 1013 1972 1084 diligebant,

247 1121 253 1145 ι
337 1100 454 1170 -prelati
481 1115 578 1156 omnes
591 1099 623 1154 D.
646 1115 723 1170 pape
737 1100 947 1168 instantissime,
968 1110 998 1156 ιιι
1013 1101 1131 1156 nobilem
1174 1107 1298 1177 eiusque
1311 1106 1649 1161 voluntatietconsiliisin
1665 1103 1793 1160 omnibus
1809 1105 1973 1174 aeneaiesce·

351 1193 479 1249 comitem
505 1190 706 1256 Μοιιιὶδιθιῑίὂι
734 1207 815 1262 quem
843 1193 1010 1249 unarilmiter
1041 1193 1132 1262 clege-
1183 1199 1260 1254 bant.
1277 1197 1444 1254 incrastino
1462 1196 1718 1264 Pasclie,·niovens
1736 1197 1886 1267 episcopus
1906 1213 1972 1253 cunr

339 1296 431 1353 rant,
450 1288 612 1342 ⁰⁰ss⁰0tler02
638 1285 679 1342 05⁸
702 1286 729 1340 i¹¹
753 1292 833 1341 lertae
855 1285 999 1341 ‘lominum
1021 1296 1048 1342 el
1071 1302 1133 1342 mu·
1173 1291 1425 1363 ·suisal.ugduno,
1438 1292 1513 1347 venit
1523 1291 1655 1346 Viennam
1671 1306 1780 1347 :comes
1790 1300 1882 1346 autem
1894 1290 1974 1346 llan-

339 1380 492 1436 narcbam.
1174 1385 1301 1442 ¹tislortis
1326 1385 1488 1441 occurrebat
1502 1385 1614 1440 domino
1632 1401 1694 1449 sno,
1717 1382 1857 1439 Lndovico
1872 1383 1973 1439 videli-

340 1522 344 1532 .
384 1471 452 1529 lllnd
468 1482 559 1529 autem
573 1488 627 1528 nun
640 1472 778 1528 credimus
791 1472 962 1528 reticendum
977 1472 1051 1542 quod
1064 1472 1129 1527 dum
1183 1486 1237 1542 cet,
1257 1478 1428 1534 letabundus
1439 1485 1467 1532 et
1488 1477 1620 1548 gaudens,
1635 1485 1663 1532 et
1681 1476 1859 1532 descenderat
1883 1492 1973 1546 usquc

350 1567 535 1621 celebraretur
558 1579 740 1621 memoratum
759 1567 907 1622 concilium
928 1566 957 1620 in
979 1565 1133 1636 blontepes·
1184 1569 1317 1626 Viennam
1334 1588 1342 1624 ι
1355 1579 1456 1641 quanta
1470 1580 1559 1624 autem
1572 1568 1654 1625 luerit
1669 1569 1695 1623 ιιι
1709 1579 1802 1623 mutua
1817 1569 1863 1623 illa
1873 1569 1972 1623 obvia·

350 1661 459 1727 sulano,
474 1660 593 1730 quodam
612 1662 656 1717 die
673 1662 777 1733 legatus
796 1662 923 1715 comitem
941 1667 1066 1714 nostrum
1084 1658 1132 1728 qui
1184 1664 1258 1719 tione
1270 1673 1298 1718 et
1311 1664 1419 1719 visione
1439 1663 1595 1730 exsultatio,
1620 1679 1676 1718 non
1694 1673 1767 1718 essct
1780 1661 1861 1717 lacile
1877 1663 1973 1732 expri-

340 1751 495 1809 erationis
516 1750 1134 1822 muros,indomomilitiae‘lemplilecitvo-
1184 1771 1269 1813 mere.
1294 1754 1474 1822 Progrediens
1503 1754 1658 1811 Luduvicus
1679 1770 1741 1809 cum
1768 1753 1828 1810 suis
1853 1752 1972 1819 llicnua,

350 1845 418 1913 cari,
438 1853 467 1900 ut
483 1845 598 1900 intraret
609 1845 643 1900 ad
664 1845 752 1916 ipsum
768 1853 796 1900 et
810 1845 938 1915 prelatos
953 1862 961 1899 ε
977 1845 1069 1900 statim
1085 1861 1134 1900 eo·
1172 1849 1259 1904 uenit
1270 1846 1423 1903 Valentiam
1436 1865 1443 1914 ;
1464 1848 1569 1918 legatus
1585 1860 1676 1903 autern
1694 1848 1728 1902 de
1741 1862 1797 1917 quo
1811 1861 1896 1917 supra
1910 1847 1974 1902 teti-

350 1953 410 1995 tnes
433 1939 543 1995 intravit
562 1955 623 1996 curn
641 1939 745 2008 paucis,
769 1939 904 1993 militibus
924 1952 989 1992 vero
1001 1939 1070 2003 suis,
1085 1937 1133 2008 qui
1185 1943 1285 2010 gimus,
1300 1943 1404 1999 scilieet
1427 1942 1557 2013 magister
1567 1941 1664 1997 Petrus
1683 1941 1900 2003 Beneventanus,
1924 1956 1973 1996 oc-

349 2048 455 2090 cumeo
466 2035 547 2105 pauci
559 2036 727 2091 intraverant
740 2049 822 2090 carisa
836 2033 972 2102 spatiandi
984 2031 1134 2103 persillum
1185 2033 1314 2086 currebat
1332 2030 1480 2094 badurico,
1510 2041 1537 2087 et
1557 2041 1669 2088 venerat
1690 2047 1778 2102 usque
1802 2029 1971 2092 Valentiam.

338 2126 539 2197 evagantilins.
554 2141 646 2181 comes
658 2135 790 2182 eratcum
808 2125 933 2194 legatoet
945 2125 1064 2195 prelatis
1077 2123 1136 2192 ipsc
1173 2122 1264 2179 -Sicut
1278 2126 1304 2178 in
1321 2124 1722 2195 superioribusexpressimus,
1746 2133 1915 2180 memoratus
1933 2125 1974 2180 lc-

350 2227 378 2275 et
392 2219 449 2274 duo
461 2218 510 2272 lilii
526 2218 596 2288 ejus,
608 2234 671 2273 mov
687 2218 726 2273 illi
740 2218 774 2273 de
788 2218 852 2273 villa
864 2226 959 2287 utpote
973 2215 1134 2286 nequissimi
1185 2226 1264 2286 gatus
1278 2214 1351 2272 cives
1375 2216 1528 2274 Tolosanos
1542 2227 1569 2281 et
1585 2215 1777 2274 Narbonenses
1791 2227 1819 2274 et
1838 2217 1912 2273 alios
1924 2217 1973 2289 qivi

337 2322 528 2369 armaverunt
549 2329 578 2369 se
594 2314 719 2369 clanculo
740 2326 791 2382 pro
808 2324 906 2381 magna
925 2317 1013 2379 parte,
1026 2307 1135 2362 intran-
1174 2310 1293 2369 ,luerunt
1317 2318 1411 2365 contra
1430 2309 1662 2369 christianitatem
1674 2321 1702 2368 et
1718 2312 1847 2368 comitem
1860 2310 1975 2368 ιιοιιιιι·

350 2415 446 2475 tesqua
470 2404 613 2460 ecelesiam
644 2403 733 2459 Beate
756 2402 860 2468 blane,
879 2409 1026 2474 postquam
1044 2413 1135 2454 comcs
1186 2401 1265 2457 lortis
1294 2402 1459 2464 absolverat,
1476 2410 1687 2458 secretosnoet
1711 2403 1826 2472 provido
1840 2401 1972 2468 consilio,

339 2495 509 2559 intraverat.
520 2504 603 2552 totam
621 2496 692 2550 viam
705 2510 846 2565 perquam
865 2494 955 2564 ipsum
975 2492 1063 2546 redire
1083 2507 1136 2562 pu·
1185 2510 1241 2564 quo
1255 2494 1312 2564 ipse
1325 2495 1402 2549 novit
1414 2493 1590 2550 :Tolosanum
1604 2495 1717 2564 insuper
1729 2504 1757 2551 et
1766 2494 1974 2552 Narbonensem

339 2589 448 2644 tabant
459 2588 646 2649 oliservanles,
662 2587 859 2657 exspectabant
880 2585 997 2640 reditum
1020 2583 1091 2652 ejns,
1107 2590 1137 2637 ut
1186 2585 1311 2641 civitates
1336 2594 1363 2640 ct
1381 2586 1434 2641 alia
1450 2596 1542 2642 castra
1555 2586 1675 2642 bostium
1690 2587 1790 2643 Claristi
1804 2588 1831 2642 in
1846 2588 1974 2658 partibus

337 2695 412 2736 -eurn
425 2680 582 2735 occiderent
593 2680 615 2733 si
626 2687 747 2749 possent,
764 2678 811 2734 sed
827 2679 889 2749 pius
902 2676 1032 2732 dominus
1058 2675 1136 2729 aliter
1187 2680 1383 2750 albigensibus
1397 2679 1424 2734 in
1442 2696 1524 2734 nvanu
1552 2695 1601 2735 sua
1626 2689 1653 2735 ct
1668 2681 1835 2750 protectione
1850 2682 1972 2747 tenebat,

339 2784 378 2828 et
408 2774 488 2843 longe
513 2773 610 2828 malins
632 2773 788 2827 ordinabat.
814 2770 936 2826 innotuit
954 2783 1020 2838 ergo
1041 2766 1135 2823 comiti
1186 2770 1352 2842 timebatque
1367 2786 1401 2825 ne
1421 2768 1587 2836 bodonicus,
1605 2782 1697 2841 utpote
1713 2773 1915 2844 primogenitus
1929 2789 1973 2829 rc-

337 2875 448 2922 ·nostro
460 2865 533 2937 quod
554 2864 645 2932 liebat,
662 2873 690 2920 et
703 2880 751 2936 per
767 2865 849 2919 aliam
864 2864 937 2918 viam
954 2878 1036 2933 quam
1049 2862 1136 2917 intra·
1186 2861 1228 2931 gis
1243 2859 1375 2927 Francie,
1392 2871 1420 2916 et
1434 2861 1518 2916 totius
1542 2869 1621 2917 terrae
1639 2878 1721 2932 quam
1739 2864 1844 2934 legatus
1861 2867 1974 2920 tenebat

337 2966 427 3015 -verat
440 2960 546 3025 exiens,
568 2958 603 3013 ab
627 2956 736 3013 insidiis
757 2956 913 3013 declinavit.
934 2954 983 3010 llis
1007 2954 1136 3010 omnibus
1185 2951 1313 3007 dominus
1329 2953 1497 3023 principalis,
1513 2952 1615 3023 aliquid
1640 2956 1802 3025 potestative
1822 2957 1905 3014 vellet
1933 2960 1972 3013 la-

348 3052 403 3109 rite
429 3053 524 3121 gestis,
539 3061 566 3106 et
586 3051 724 3106 celebrato
738 3064 788 3120 per
809 3049 910 3104 multos
928 3048 988 3104 dies
1005 3045 1135 3112 concilio,
1185 3058 1247 3100 cere
1261 3053 1356 3099 cotnra
1377 3045 1524 3100 eonsilium
1544 3054 1572 3100 et
1594 3047 1795 3102 ordinationem
1818 3050 1914 3120 legati,
1926 3061 1973 3106 sat

350 3146 456 3218 praelati
473 3144 521 3216 qui
548 3143 661 3199 aderant
673 3142 707 3197 ad
730 3143 840 3212 propria
859 3141 1001 3197 redierunt
1012 3158 1020 3195 :
1031 3141 1136 3211 legatus
1173 3136 1345 3207 occupando
1355 3137 1479 3193 civitates
1492 3147 1518 3192 et
1529 3139 1651 3206 castella,
1663 3157 1723 3211 que
1736 3141 1840 3213 legatus
1852 3145 1972 3210 tenebat,

339 3247 441 3292 -autcm
453 3245 480 3292 et
491 3251 584 3292 comes
599 3244 692 3292 noster
710 3244 844 3290 venerunt
871 3234 1081 3290 carcassonam.
1092 3230 1136 3284 ιιι-
1185 3238 1233 3286 aut
1255 3230 1338 3285 etiam
1361 3229 1538 3300 destruendo,
1554 3232 1671 3304 ideoque
1690 3235 1763 3290 sicut
1780 3235 1926 3293 dicebatur
1946 3247 1975 3293 ct

336 3337 425 3386 :terea
439 3329 545 3400 legatus
554 3329 712 3399 episcopum
729 3328 897 3383 Tolosanum
911 3324 1133 3389 misitTolosam,
1148 3359 1169 3416 c
1185 3331 1245 3380 crat
1267 3322 1425 3389 verisimile,
1449 3339 1504 3379 non
1531 3325 1654 3395 placebat
1678 3327 1768 3400 legato
1794 3329 1930 3388 adventus
1946 3341 1974 3388 ct

339 3429 520 3492 .uterparte
541 3421 628 3491 ipsius
657 3429 803 3490 occuparet
819 3428 848 3474 et
869 3417 990 3474 muniret
1013 3426 1135 3472 castrum
1186 3414 1330 3487 presentia
1355 3413 1500 3483 Ludorici,
1525 3432 1576 3473 nec
1599 3418 1710 3473 mirum.
1729 3418 1797 3474 Cum
1824 3421 1898 3476 enim
1915 3430 1974 3479 tota

350 3515 537 3582 Narbonense,
558 3517 599 3571 sic
618 3515 691 3570 enim
711 3514 862 3569 vocabatur
882 3510 1000 3566 munitio
1020 3520 1047 3565 et
1061 3509 1137 3580 pala-
1186 3509 1366 3579 terrasepius
1393 3519 1543 3571 memorata
1557 3526 1662 3568 venerm
1681 3513 1815 3570 heretice
1829 3519 1974 3586 pravitatis

335 3610 421 3667 ¹tium
446 3610 555 3667 emitis
579 3587 719 3665 tolosani.
740 3606 820 3661 Ciues
841 3616 932 3659 autem
950 3601 1091 3668 Tolosani,
1102 3601 1136 3657 ad
1186 3599 1467 3668 inlectaluisset,rex
1482 3600 1706 3674 Francieutpote
1724 3606 1974 3679 dominusprinciu

336 3705 509 3764 mandatnm
521 3703 624 3759 domini
639 3701 729 3773 legati,
743 3702 799 3756 imo
809 3699 912 3771 potius,
923 3697 1023 3752 timore
1034 3695 1136 3767 ipsius,
1171 3693 1266 3764 palis,
1281 3693 1438 3749 admonitus
1452 3691 1552 3760 luerat,
1563 3702 1591 3749 et
1611 3695 1751 3752 multoties
1766 3701 1929 3769 requisitus,
1943 3710 1975 3757 ut

351 3799 438 3857 uiam
456 3798 566 3854 comitis
578 3795 707 3851 'tolosani
723 3793 848 3849 lecerunt
860 3791 938 3846 exire
955 3789 1137 3845 emunitioae
1185 3803 1263 3852 tanto
1274 3796 1370 3878 morbo
1383 3811 1498 3850 manum
1525 3805 1674 3867 apponeret
1692 3796 1873 3867 expulsivam,
1885 3803 1915 3849 et
1936 3796 1972 3849 ab

336 3926 339 3933 -
348 3892 502 3964 jamdicta,
515 3903 596 3960 quam
614 3888 744 3942 bactenus
757 3892 913 3950 tenuerunt,
924 3890 952 3938 et
966 3882 1138 3937 tradiderunt
1185 3887 1313 3944 heretica
1350 3889 1480 3958 spurcitia
1517 3905 1634 3960 purgare
1668 3890 1820 3949 intenderet
1853 3902 1976 3958 regnum

336 4000 463 4042 wile!
478 3992 555 4053 palie
579 3979 803 4052 legailepiscopo
819 3975 939 4047 stto‚qtli
955 3974 1137 4029 intransmu·
1186 3995 1282 4047 suum3
1312 3980 1370 4049 ipse,
1390 3995 1456 4035 velt)
1484 3996 1538 4035 non
1567 3991 1732 4052 apposuerat
1757 3980 1904 4035 consilium
1930 3981 1973 4034 ve}

353 4076 485 4133 titionem
516 4073 603 4128 mnan
627 4086 698 4137 0³³¹,
728 4077 756 4124 θῑ
780 4067 895 4124 munivit
916 4081 976 4122 eam
1004 4065 1136 4120 militibus
1186 4072 1316 4126 auxilium
1344 4080 1374 4125 ιιι
1392 4073 1511 4135 deberet,
1527 4082 1554 4128 et
1574 4073 1634 4128 ideo
1647 4089 1708 4129 eum
1721 4082 1793 4129 terra
1808 4073 1854 4126 illa
1873 4087 1925 4142 per
1940 4072 1972 4128 u.

336 4165 581 4228 ‘etservicutibus
598 4173 687 4218 tamen
712 4161 739 4216 in
754 4160 909 4234 sumptibus
924 4159 1023 4214 civium
1038 4166 1066 4210 et
1087 4172 1135 4212 er·
1186 4167 1394 4236 papamauxffio
1405 4168 1573 4238 signagorum
1591 4166 1689 4223 misser
1700 4168 1847 4237 ammissa,
1859 4182 1916 4222 110„
1931 4167 1973 4220 vj.

335 4262 459 4337 ·pertsis.
1185 4258 1301 4315 debatur
1325 4260 1412 4330 legato
1433 4261 1505 4330 quod
1520 4259 1675 4316 Lndovicus
1686 4260 1796 4315 deberet
1808 4268 1857 4314 aut
1880 4270 1976 4330 posset

615 4365 731 4426 CAPUT-
745 4363 875 4422 lxxxll.
1186 4359 1280 4405 contra
1296 4351 1483 4406 ordinationes
1492 4350 1551 4419 ejus
1570 4350 1671 4419 aliquid
1687 4358 1833 4403 attentare.
1851 4346 1975 4403 Videba-

335 4478 341 4485 -
391 4469 500 4529 pam„
513 4469 640 4525 mem„
653 4464 780 4520 gum-,5
792 4461 842 4533 figi
854 4459 921 4531 κρῖ,
936 4455 1060 4513 jamnem
1074 4457 1102 4511 f„
1168 4430 1232 4498 ⁸tnr
1252 4443 1335 4497 etiarn
1360 4442 1461 4513 legato,
1476 4444 1524 4512 quvi
1540 4443 1745 4513 crucesignatus
1764 4451 1834 4505 erat,
1858 4449 1886 4496 et
1912 4450 1975 4496 tan-

597 4546 686 4609 perter
697 4535 886 4605 albigensium.
1169 4549 1267 4605 uuam
1290 4536 1450 4607 peregrinus
1477 4532 1613 4600 veniebat,
1626 4532 1699 4588 unde
1717 4550 1771 4588 non
1790 4532 1902 4587 deberet
1913 4532 1975 4603 ejus

337 4662 340 4667 ·
387 4637 468 4691 Anno
479 4632 562 4688 Verbi
572 4627 796 4690 iaicamatilstt,
813 4623 968 4680 Ludovicus
978 4622 1052 4676 lilius
1064 4618 1138 4690 regis
1187 4626 1361 4698 dispositioni
1384 4628 1412 4682 in
1434 4626 1527 4695 aliquo
1542 4626 1689 4681 contraire.
1711 4624 1973 4681 Ludovicusautcnt

335 4723 477 4783 ‘francie
492 4723 701 4794 primogenitus,
719 4719 766 4790 qai
778 4715 896 4772 triennio
914 4712 1285 4789 jamtransacto,1lntpnte
1315 4719 1390 4774 mitis
1416 4727 1444 4773 et
1471 4718 1698 4791 benignissimus,
1720 4718 1862 4788 respondit
1883 4718 1974 4790 legato

336 4830 465 4875 ¹crucem
475 4825 571 4871 contra
587 4811 730 4868 bereticos
747 4795 945 4877 assumpserat,
973 4803 1021 4859 tell
1043 4800 1137 4856 mullis
1188 4810 1261 4879 quod
1272 4809 1304 4863 ad
1314 4811 1483 4863 voluntatem
1499 4809 1585 4878 ipsius
1599 4817 1626 4863 et
1640 4807 1785 4864 consilium
1802 4822 1832 4862 sc
1848 4807 1963 4863 liaberet

338 4917 381 4965 et
403 4907 532 4979 previbus
553 4904 660 4978 guerris
679 4902 771 4958 linerat
791 4899 950 4971 impeditus.
974 4895 1071 4966 ὅθιὶῑιθ
1085 4908 1137 4964 1)ιο
1188 4901 1289 4957 Enicas
1303 4898 1621 4965 Ludovicusallalentia,
1631 4899 1745 4954 verntad
1753 4900 1845 4953 villam
1858 4898 1975 4971 &Egi-

336 5011 450 5073 'nnagna
463 5009 541 5070 parte
555 4999 671 5071 guerris,
684 5012 754 5067 nitas
773 5004 869 5051 contra
888 4994 980 5049 ltostes
994 4989 1096 5044 multas
1110 4994 1137 5042 el
1187 4993 1237 5048 dii.
1248 4992 1317 5048 llum
1329 4999 1402 5047 esset
1414 4991 1569 5048 Ludnvicus
1587 4993 1614 5045 in
1634 4992 1699 5046 villa
1711 4990 1742 5046 S.
1756 4991 1869 5061 AEgidii,
1885 5002 1914 5048 et
1925 5008 1974 5050 co·

353 5090 470 5147 multum
496 5102 592 5159 καινοῦ
618 5087 734 5142 ilabebat
749 5094 825 5155 patet
841 5083 912 5153 ejus,
930 5082 989 5151 ipse
1003 5080 1054 5134 ῑῑθῐ
1065 5077 1136 5133 wi·
1187 5102 1247 5142 mes
1262 5085 1361 5141 nobilis
1375 5084 1555 5140 llontislurtis
1568 5100 1632 5140 curn
1646 5100 1690 5151 co,
1703 5094 1840 5141 venerunt
1853 5102 1868 5141 a
1895 5087 1973 5143 curia

335 5182 412 5254 ·puit
443 5181 476 5236 ad
499 5189 592 5251 partes
610 5177 808 5248 albigensium,
824 5184 855 5230 ut
874 5182 967 5230 votum
990 5186 1047 5227 sue
1060 5184 1138 5240 pero·
1173 5176 1313 5233 -ltomana
1327 5178 1428 5238 nuntii,
1451 5192 1523 5248 quos
1536 5178 1608 5234 sicut
1625 5193 1708 5248 snpra
1721 5188 1905 5234 memoratum
1920 5190 1974 5240 est.

351 5272 515 5343 minationis
528 5271 660 5340 expleret.
677 5267 816 5323 Venerunt
826 5282 888 5322 cum
900 5280 934 5322 eo
942 5263 1020 5318 multi
1031 5261 1137 5317 nobiles
1188 5270 1294 5333 teganus
1307 5278 1335 5325 ec
1346 5270 1547 5340 archiepiscopi
1562 5279 1590 5325 et
1610 5270 1732 5340 episcopi
1748 5271 1843 5341 patria·
1856 5270 1974 5327 provin.

334 5373 378 5420 ·et
390 5372 527 5434 potantes.
538 5361 587 5432 qui
602 5376 699 5417 omnes
721 5360 754 5416 ad
770 5359 842 5415 diem
858 5373 941 5428 quant
957 5356 998 5411 eis
1013 5352 1137 5425 predae·
1188 5363 1265 5418 cialis
1280 5363 1411 5417 miserant
1429 5363 1463 5418 ad
1477 5363 1618 5416 dovninunr
1632 5379 1740 5433 papam,
1754 5363 1973 5433 postulantesibi

349 5462 404 5518 rat,
419 5455 445 5510 in
456 5455 501 5509 die
509 5451 538 5509 S.
553 5452 702 5508 Dominice
713 5449 940 5518 Resurrectionis,
951 5460 1138 5506 convenerunt
1187 5454 1328 5514 dominum
1342 5465 1369 5509 et
1386 5454 1560 5508 moriarebam
1574 5452 1776 5510 iiotiilissimum
1790 5465 1818 5509 et
1832 5455 1972 5511 Christia-

351 5547 385 5600 ael
402 5545 577 5615 Lugdunum.
595 5544 717 5599 Fuerunt
734 5547 772 5600 ibl
800 5561 861 5600 cunr
879 5544 1134 5614 Lvrdovicoepisco-
1173 5546 1334 5603 pissimum
1357 5547 1484 5603 comitem
1507 5544 1698 5603 Moritislortis.
1724 5545 1859 5605 Dominus
1880 5561 1972 5606 autent

350 5653 403 5709 pus
429 5637 603 5693 belvacensis
628 5635 781 5708 Philippus,
801 5653 893 5694 coines
919 5636 948 5692 S.
966 5637 1054 5704 Pauli,
1070 5636 1136 5693 Gal·
1186 5654 1255 5713 papa
1275 5638 1462 5693 misitlitteras
1475 5642 1563 5708 legato
1573 5647 1601 5692 et
1613 5639 1733 5701 prelatis
1744 5650 1770 5696 ct
1779 5641 1863 5696 etiam
1879 5643 1972 5697 comiti

336 5740 427 5785 ¹trariis
441 5745 534 5786 comes
552 5729 672 5795 Pontivi,
686 5745 779 5786 comes
795 5729 936 5802 sagiensis
951 5727 1039 5799 (saca
1060 5731 1135 5786 etde
1174 5730 1377 5797 alemannis,
1391 5731 1443 5785 sub
1457 5729 1551 5784 eadent
1565 5729 1769 5802 lorma,qnibus
1780 5733 1973 5789 continebatur

335 5823 490 5881 ,blancana
500 5824 1136 5897 Robertus,GuiscardusdeBello-joco,llat-
1187 5825 1260 5893 quud
1283 5824 1479 5894 ipseduminps
1503 5839 1571 5895 papa
1598 5833 1681 5880 totana
1716 5834 1815 5880 terram
1833 5843 1972 5898 quamcc

335 5917 480 5974 ·tbaeusde
497 5916 805 5983 libate-tlaureuciaco,
819 5919 971 5976 vicecomes
987 5919 1135 5981 Meledrini.
1186 5933 1247 5974 aries
1270 5925 1395 5974 tenuerat
1417 5911 1581 5986 tolosanus,
1605 5928 1694 5975 terras
1714 5919 1797 5974 ctiam
1823 5920 1886 5979 illas
1903 5938 1971 5994 quas

335 6018 379 6067 ,οι
389 6010 467 6066 multi
479 6012 525 6066 alii
538 6011 619 6082 probi
642 6011 745 6069 milites
763 6013 869 6074 nobiles
884 6024 910 6070 et
929 6020 1063 6084 potentes.
1073 6013 1136 6069 Fuit
1188 6009 1370 6081 crucesignati
1388 6008 1596 6081 acquisierant,
1611 6021 1639 6068 et
1655 6027 1726 6082 quas
1739 6012 1846 6083 legatus
1862 6014 1972 6075 aaron
