4350 6709
339 560 408 617 tela

767 552 811 611 DE
830 552 1103 614 nnnucnn'noun
1122 550 1476 609 constantiacensis,
1545 560 1553 565 '

1900 556 1971 612 loll

338 675 494 746 lapideum.
508 673 684 729 distaiiterna
700 679 771 727 terra
787 672 926 726 nominata
940 685 993 725 iiiia
1006 669 1085 739 leuga
1098 676 1126 723 ct
1141 674 1163 729 Α
1177 667 1246 723 Cum
1268 667 1318 738 ipsi
1338 666 1462 722 viderent
1483 682 1534 722 nes
1553 666 1745 736 magnanimos
1762 676 1790 723 et
1808 677 1970 729 constantes

1178 737 1305 793 ordinate
1321 736 1470 806 procedere
1486 746 1513 792 et
1533 738 1675 800 scriatim,
1695 747 1722 793 el
1741 753 1793 794 iies
1813 755 1868 793 non
1889 756 1971 809 pesse

1178 806 1213 862 de
1228 806 1491 877 laelliexpugnare,
1507 807 1586 861 valde
1600 809 1740 877 perterriti
1756 816 1784 863 et
1798 809 1906 864 centusi
1923 825 1971 867 ce·

1178 878 1275 931 dentes
1292 876 1391 937 nobis,
1412 876 1547 931 nonnosi
1571 876 1682 931 luerunt
1702 878 1803 935 belluni
1825 880 1971 936 nobiscum

1527 946 1601 1071 gued
1614 962 1791 1005 ueneramus
1804 948 1831 1003 in
1846 952 1972 1007 exercitu

339 746 468 815 amplius.
483 743 556 798 Pons
571 757 636 797 uero
650 743 695 798 ille
710 742 846 811 potentior
862 751 922 797 erat
936 738 1024 795 Parve
1040 740 1127 821 l'entc

338 814 536 874 parisiacensi,
553 820 652 880 etevat
666 814 734 866 adeo
748 811 878 877 strictus,
891 811 964 880 quod
979 820 1035 864 tres
1050 824 1128 877 egiri-

339 891 382 939 tes
395 884 476 938 simul
488 882 593 951 junctis
605 883 737 936 lateribus
751 882 794 936 vix
808 891 919 950 possent
932 879 1070 943 transire,
1083 893 1129 933 va·

339 954 404 1009 dum
423 952 589 1023 protundum
610 951 793 1007 existentibus
804 966 857 1003 nen
876 949 1015 1019 potuimus
1035 959 1128 1001 trans-

339 1036 432 1079 meare
455 1022 509 1077 nisi
533 1020 615 1074 trium
636 1022 777 1092 leugarum
799 1018 952 1074 laceremus
981 1025 1126 1073 torturam.

282 1100 287 1111 “
341 1091 369 1146 si
385 1106 451 1146 vero
466 1098 572 1144 tantum
589 1106 605 1143 a
620 1092 729 1160 navigio
746 1097 842 1145 nostro
862 1088 1048 1153 distaremus,
1071 1086 1128 1139 lor-

339 1168 415 1215 tasse
438 1161 589 1230 perieulum
611 1175 738 1229 magnum
764 1158 976 1213 incurrissemus
999 1165 1025 1213 et
1051 1157 1129 1234 damj

339 1245 417 1285 num.
439 1230 508 1285 Cum
528 1230 748 1299 pervenissemus
766 1229 800 1283 ad
822 1235 932 1297 penitere
955 1228 1063 1297 ipsum,
1081 1224 1127 1279 Del

339 1299 487 1369 patientia,
505 1300 582 1353 nullo
596 1300 739 1363 obstante,
758 1296 1005 1368 pertransivimus,
1021 1304 1048 1351 et
1064 1309 1128 1364 pre-

340 1368 469 1424 rodentes
484 1369 601 1423 tentoria
617 1368 728 1423 liviiniis
745 1370 816 1422 inter
831 1367 962 1437 palatium
980 1368 1128 1436 imperato·

341 1438 397 1502 ris,
413 1438 485 1508 qued
500 1438 633 1492 blakerna
647 1439 759 1501 dicitur,
775 1444 802 1491 et
823 1437 954 1505 palatium
976 1422 1126 1496 boimond,

340 1511 431 1563 etsie
455 1502 700 1579 propinquavimus
723 1506 903 1568 blakernam,
925 1506 998 1575 qriod
1022 1506 1128 1574 sagittae

341 1586 441 1652 nostias
456 1593 539 1645 super
555 1578 685 1647 palatium
705 1575 925 1648 imperatoriset
940 1575 1011 1630 intra
1026 1591 1074 1646 pei·
1089 1574 1129 1628 l'c-

341 1654 467 1709 nestras,
483 1653 510 1700 et
525 1646 631 1716 sagittae
654 1644 812 1700 Graecorum
836 1660 919 1714 snper
941 1647 1058 1699 tentoria
1079 1658 1129 1696 no-

340 1722 397 1769 stra
412 1715 557 1771 cadebant.
573 1716 630 1770 lloc
641 1715 729 1778 lacte,
746 1714 898 1770 exercitum
914 1722 1038 1769 nostrum
1054 1728 1130 1783 gres·

340 1785 380 1841 sis
394 1787 463 1854 palis
487 1785 730 1840 circumcinximus
755 1796 782 1840 et
796 1782 878 1839 liciis.
906 1785 1008 1839 ltrinde
1021 1782 1128 1853 ingenia

1179 947 1359 1001 committere.
1376 944 1409 997 Et
1421 947 1516 1002 sciatis

1179 1021 1275 1069 nostre
1298 1015 1393 1084 plures
1420 1030 1502 1085 quani
1547 1017 1636 1071 vicenti
1661 1017 1778 1073 milites.
1803 1026 1831 1073 et
1857 1021 1972 1076 totidem

1178 1084 1286 1153 equites
1300 1083 1365 1147 alii,
1380 1097 1435 1138 nen
1449 1085 1596 1141 habuimus
1613 1086 1706 1155 plures
1720 1102 1803 1157 quani
1814 1087 1869 1141 dne
1885 1091 1972 1144 millia

1179 1154 1320 1223 pediluni;
1342 1154 1431 1223 major
1444 1155 1517 1209 euim
1537 1170 1602 1226 pars
1622 1156 1795 1210 statuebatur
1808 1158 1841 1211 ad
1862 1159 1972 1228 ingenia

1178 1224 1377 1279 conservanda.
1401 1222 1458 1280 Nes
1471 1240 1536 1279 vero
1551 1224 1675 1281 videntes
1688 1241 1736 1281 ees
1749 1226 1864 1296 lugere,
1881 1229 1972 1283 uului-

1179 1307 1242 1347 mus
1257 1309 1305 1349 ces
1321 1289 1465 1363 p'rosequi.
1484 1310 1518 1349 ne
1532 1294 1603 1349 sorte
1617 1310 1666 1364 per
1682 1310 1777 1349 corum
1795 1298 1876 1353 deles
1890 1314 1973 1353 exer·

1179 1362 1246 1417 citui
1263 1370 1359 1419 nostro
1373 1373 1400 1418 et
1415 1365 1520 1419 bellicis
1536 1365 1673 1420 iiiacbinis
1687 1375 1714 1419 et
1735 1366 1878 1435 turribus,
1900 1384 1973 1438 qiias

1181 1428 1287 1487 l'enetii
1312 1441 1461 1501 ceperant,
1482 1434 1612 1487 damnum
1635 1434 1793 1491 inferretur.
1819 1434 1972 1505 imperator

1179 1517 1245 1556 vero
1261 1504 1370 1558 rediens
1385 1503 1419 1557 ad
1434 1504 1565 1574 palatium
1581 1519 1675 1567 suum,
1689 1506 1807 1560 asseruit
1821 1522 1852 1561 sc
1864 1508 1893 1561 in
1909 1522 1973 1561 cra--

1180 1578 1283 1625 strnnni
1307 1583 1492 1643 pugnatur-uni
1516 1573 1680 1641 nobiscum,
1702 1575 1750 1629 scd
1774 1576 1865 1630 media
1890 1584 1973 1634 iieete

1180 1641 1297 1695 latenter
1310 1643 1425 1713 auliigit.
1443 1642 1491 1697 llic
1506 1658 1571 1698 vcro
1584 1642 1677 1709 teris,
1691 1644 1763 1698 sicut
1784 1647 1970 1714 promiserat,

1180 1710 1327 1766 debuimus
1338 1716 1440 1782 pariter
1452 1713 1595 1767 dimicare.
1614 1713 1804 1768 incrastinum
1818 1731 1900 1781 vero,
1916 1716 1972 1772 neo

1180 1788 1329 1849 operante,
1356 1781 1408 1836 luit
1432 1782 1512 1836 nobis
1536 1783 1635 1837 civitas
1658 1783 1783 1849 reddita,
1808 1794 1835 1839 ct
1861 1786 1972 1842 luerunt

341 1864 437 1910 nostra
453 1856 552 1909 bellica
567 1870 615 1923 per
628 1855 763 1924 petrarias
778 1860 841 1907 ante
862 1868 956 1909 niuros
978 1857 1127 1909 ereiiiiiiis.
1181 1859 1243 1903 octo
1260 1851 1319 1905 dies
1333 1852 1463 1922 completi
1478 1866 1493 1905 a
1508 1852 1628 1907 civitatis
1642 1853 1795 1909 obsidione.
1810 1853 1888 1909 Tunc
1905 1872 1972 1911 vere

340 1922 399 1978 Dux
413 1939 479 1978 vere
491 1922 610 1979 Venetiae
624 1938 707 1992 super
719 1924 868 1993 ‹prianilibet
882 1924 973 1977 navirn
987 1923 1128 1977 constituit
1180 1918 1329 1977 llarisacus
1345 1923 1504 1990 imperator,
1520 1930 1549 1975 et
1571 1921 1730 1990 imperatrix
1749 1939 1818 1977 uxor
1831 1926 1911 1994 ejus,
1928 1926 1983 1980 vi-'

339 1992 374 2049 de
395 1995 524 2049 antennis
548 2001 657 2064 pontcui
674 1992 856 2056 altissimum,
873 1993 900 2045 in
923 1992 1064 2048 altitudine
1087 2008 1167 2065 pte-13
1182 1988 1280 2044 delicet
1304 2004 1384 2044 seror
1403 1992 1477 2059 regis
1492 1988 1656 2061 lliingariae,
1673 1992 1720 2062 qui
1737 1991 1781 2047 diu
1803 1994 1832 2049 iii
1855 1994 1974 2051 lierrere

339 2063 389 2119 des
403 2071 514 2118 centum
530 2063 695 2125 babciiteni,
711 2072 738 2117 ct
753 2077 837 2132 super
849 2064 999 2130 qiieiiililct
1016 2069 1127 2132 pontem
1182 2060 1248 2116 tenti
1272 2058 1381 2114 literimt
1396 2068 1422 2116 et
1438 2060 1556 2122 inclusi,
1572 2062 1653 2116 nobis
1669 2062 1840 2119 multimodas
1859 2064 1968 2133 gratias

340 2140 467 2201 poterant
479 2133 519 2187 ire
532 2142 649 2202 quatuor
663 2132 763 2187 milites
777 2133 886 2186 armati.
912 2131 1047 2187 laeui-esi
1066 2132 1130 2200 qiii·
1181 2128 1347 2195 reserentes,
1363 2130 1563 2185 mandaverunt
1578 2131 1651 2199 quod
1668 2130 1775 2201 perlici
1791 2133 1925 2201 graniani,
1941 2141 1971 2189 et

339 2202 402 2256 darn
415 2200 546 2258 Ussariiis
560 2218 627 2257 suus
646 2202 762 2257 babebat
778 2201 943 2271 riiagiiclluin
958 2210 1092 2258 erectum.
1181 2209 1306 2253 nestrum
1331 2201 1480 2262 auxiliuin,
1506 2199 1614 2253 suerunt
1634 2215 1649 2253 a
1674 2216 1785 2255 carcero
1799 2204 1926 2265 liberati,
1944 2212 1972 2258 ct

376 2270 445 2325 bum
459 2279 549 2325 autern
564 2272 620 2326 liaec.
636 2270 847 2334 liereiit,Gneci
864 2270 932 2341 pede
946 2282 972 2327 ct
987 2286 1057 2342 eque
1072 2272 1130 2340 plu·
1180 2268 1253 2337 eiiod
1266 2269 1359 2337 {decus
1385 2270 1492 2339 imperii
1514 2269 1698 2334 rehabebant,
1721 2278 1749 2326 et
1769 2272 1841 2341 quod
1865 2272 1892 2325 in
1908 2286 1973 2327 cra·

340 2356 386 2396 res
409 2340 533 2394 lecerunt
555 2341 756 2395 insultationes.
782 2339 882 2394 l'erum
903 2343 1005 2411 quique
1026 2342 1053 2394 iii
1077 2342 1130 2394 liec
1180 2338 1253 2392 stine
1266 2353 1317 2393 nes
1333 2339 1361 2393 ivi
1376 2340 1505 2409 palatium
1520 2342 1676 2396 veniremus
1691 2349 1820 2411 tamquam
1844 2349 1973 2397 nostruin

340 2425 449 2480 semper
463 2424 514 2465 nos
528 2411 649 2466 deterius
666 2410 832 2465 lialiuernnt.
854 2412 977 2476 Quadam
998 2411 1043 2466 die
1057 2411 1130 2464 iiiili-
1180 2421 1244 2461 cum
1268 2409 1323 2463 lilio
1344 2424 1395 2464 suo
1418 2410 1465 2463 diu
1487 2409 1659 2474 desiderate,
1684 2410 1769 2464 etita
1790 2412 1925 2476 lecimus,
1946 2418 1975 2467 et

340 2488 397 2533 tiinr
412 2479 561 2534 multitudo
575 2481 609 2535 de
621 2478 738 2550 ipiiadmn
754 2487 832 2548 perta
848 2481 1008 2535 catervatim
1021 2480 1128 2543 ericiis,
1181 2476 1409 2534 manducavimus
1424 2479 1453 2533 in
1468 2478 1571 2548 palatie
1588 2478 1652 2533 cui'n
1672 2481 1780 2551 magnis
1804 2482 1974 2538 exsultatio·

339 2562 400 2619 ipuae
410 2557 489 2618 perta
502 2558 575 2620 patet
586 2565 601 2604 a
614 2551 709 2605 dextra
722 2560 798 2619 parte
810 2550 955 2619 superius,
969 2552 1089 2613 exsiliit,
1102 2558 1130 2605 et
1180 2546 1262 2601 nibus
1276 2556 1304 2601 et
1318 2547 1425 2603 lienere
1439 2549 1565 2604 solemni.

338 2634 390 2675 nos
413 2622 571 2688 provocavit
591 2619 625 2674 ad
646 2634 732 2673 arma.
757 2620 832 2685 Quos
851 2622 938 2675 nostri
957 2622 995 2673 ita
1009 2636 1071 2674 cuni
1087 2621 1131 2673 iii·
1216 2616 1280 2672 llaec
1294 2618 1421 2687 equidem
1435 2618 1507 2674 scire
1520 2633 1570 2674 ves
1585 2618 1646 2672 nole
1660 2617 1734 2687 qued
1749 2618 1782 2674 ll.
1796 2619 1831 2675 de
1845 2618 1933 2675 Paule
1945 2626 1974 2677 et

339 2689 412 2758 genti
436 2688 538 2758 impolu
562 2697 588 2745 el
613 2690 677 2744 lorti
699 2692 830 2744 audacter
851 2690 1034 2761 pepulerunt,
1056 2689 1129 2759 quod
1182 2683 1215 2742 [l.
1232 2687 1266 2742 de
1280 2686 1502 2755 Merite-iliralo,
1515 2689 1547 2743 n.
1559 2687 1594 2743 de
1607 2688 1699 2755 Beue,
1711 2688 1911 2761 lerosolymam
1925 2706 1974 2761 pe·

340 2757 418 2812 inulti
432 2774 527 2813 eovuiii
545 2760 631 2814 allero
654 2760 770 2814 alterum
792 2760 942 2815 inclinante
964 2765 1130 2815 corruerunt
1181 2763 1286 2821 tentes,
1300 2764 1328 2812 et
1340 2756 1366 2813 J.
1380 2758 1415 2813 dc
1427 2758 1517 2821 Beue,
1530 2769 1557 2813 et
1573 2756 1603 2812 S.
1617 2758 1651 2812 de
1665 2756 1834 2814 diented‘oiti
1847 2799 1855 2823 ,
1869 2758 1904 2815 n.
1915 2760 1974 2815 lla-

340 2828 367 2881 in
384 2827 489 2892 lessus,
508 2828 581 2884 inter
594 2844 664 2899 ques
680 2828 752 2885 lilius
768 2829 848 2885 ducis
861 2828 895 2884 du
909 2829 1013 2894 buris,
1027 2830 1074 2900 qni
1091 2831 1131 2884 iii·
1181 2824 1366 2903 ius-Vicinus,
1384 2828 1469 2884 abbas
1483 2828 1517 2883 de
1533 2826 1673 2892 l'allibus,
1692 2842 1818 2898 magnam
1842 2831 1870 2883 in
1890 2832 1973 2886 stelio

338 2905 383 2951 ter
407 2898 731 2969 Constantinopolitanae
755 2900 915 2970 generosior
938 2907 965 2955 et
989 2900 1131 2969 puleliriur
1182 2895 1313 2951 iacientes
1328 2898 1529 2953 dissensionem
1543 2898 1577 2951 ad
1592 2912 1682 2967 regein
1697 2896 1892 2968 lliiiigareriini
1909 2915 1974 2969 pro·

338 2966 491 3029 dicebatur,
506 2983 568 3021 cum
583 2970 748 3037 quibusdam
762 2970 941 3024 aliis'exstitil
957 2972 1129 3025 interfectus.
1182 2975 1324 3035 perantes,
1349 2969 1470 3022 evercitu
1497 2979 1592 3024 nostro
1608 2969 1723 3032 relicto,
1747 2982 1798 3023 nos
1822 2970 1850 3022 in
1876 2970 1976 3026 nini-tis

338 3036 468 3090 Crastina
483 3051 593 3105 queque
608 3040 652 3093 die
667 3040 792 3107 qiiredaiii
812 3040 912 3095 celiers
925 3041 1042 3094 militum
1062 3041 1132 3094 civi·
1183 3036 1345 3091 discrimine
1360 3037 1540 3107 reliquerunt.
1556 3036 1594 3093 lle
1609 3036 1678 3091 duce
1691 3038 1828 3106 siquidem
1844 3036 1977 3094 Venetia-

339 3105 422 3169 titis,
440 3120 488 3175 per
509 3117 570 3174 pert
589 3123 615 3161 ni
638 3106 778 3161 lllalicriiae
798 3109 918 3174 exsiliit,
935 3124 966 3163 ea
982 3118 1060 3179 parte
1076 3125 1130 3180 qua
1181 3120 1257 3170 sitin,
1275 3112 1406 3177 tanquam
1421 3109 1454 3162 de
1469 3108 1530 3161 vire
1545 3105 1778 3177 prudentissimo,
1793 3116 1820 3162 et
1834 3108 1861 3162 iii
1876 3110 1973 3163 consi-

337 3174 450 3246 ingenia
474 3185 567 3230 nostra
594 3177 690 3232 bellica
715 3177 845 3233 constitui
868 3177 1041 3243 leceramus;
1065 3181 1129 3243 scd,
1181 3175 1225 3228 liis
1248 3175 1342 3230 arduis
1367 3176 1496 3239 erudito,
1521 3193 1572 3233 iios
1597 3176 1745 3246 plurimum
1770 3177 1974 3233 collaudamus.

339 3243 395 3299 lico
411 3244 543 3313 jurante,
561 3245 635 3303 intro
650 3247 758 3302 remissi
774 3254 840 3301 siint
858 3251 974 3317 turpiter
989 3257 1016 3303 et
1033 3257 1130 3319 poten-
1165 3244 1262 3299 ‚eliud
1276 3245 1403 3314 equidem
1418 3247 1505 3300 multe
1516 3249 1614 3301 iiieliiis
1626 3254 1653 3301 ct
1665 3246 1813 3315 gloriosius
1826 3249 1977 3304 antedictis

339 3326 382 3371 tei·
408 3314 487 3371 'l'unc
502 3315 613 3386 ipuiilem
630 3316 680 3370 luit
695 3316 879 3388 interemptus
894 3317 1005 3386 quidam
1021 3319 1064 3371 vir
1083 3333 1131 3387 po·
1144 3344 1166 3404 C
1181 3315 1359 3384 subjunctum
1375 3324 1428 3380 cst,
1438 3316 1627 3387 propterquod
1637 3318 1823 3397 principaliter
1832 3318 1866 3371 ad
1875 3319 1976 3373 eivita-

338 3383 452 3453 tentius,
473 3393 502 3441 et
522 3388 549 3441 in
571 3387 666 3441 niilitia
689 3388 786 3443 melier
806 3387 935 3442 omnibus
950 3388 1085 3451 civitatis,
1103 3397 1131 3442 et
1182 3392 1236 3439 teni
1253 3385 1683 3455 regiainciiraviiiiiisadrentare
1696 3388 1978 3458 vobissatageexpli·

339 3455 516 3511 consiliarius
529 3456 713 3527 imperatoris.
733 3456 781 3513 Die
796 3456 924 3511 llercurii
940 3464 1001 3526 post
1022 3457 1132 3512 ordina·
1181 3468 1258 3519 core,
1269 3455 1513 3525 videlicetquodco
1523 3455 1652 3525 usquead
1668 3460 1806 3526 negotium
1823 3458 1977 3513 Salvatoris

340 3530 400 3579 tuin
420 3525 472 3579 luit
486 3533 514 3579 ct
535 3528 708 3595 prepositum
725 3527 798 3595 quod
814 3527 840 3580 in
856 3528 980 3582 crastino
996 3527 1071 3582 llevet
1087 3530 1131 3582 in·
1182 3526 1386 3592 processimus,
1399 3526 1472 3595 qnod
1486 3526 1608 3581 Ecclesia
1625 3524 1789 3592 orientalis,
1805 3528 1888 3594 cujus
1904 3528 1977 3581 lion·

339 3594 431 3650 sullus
445 3593 480 3649 ad
492 3596 647 3659 civitatem,
663 3595 791 3652 videlicet
805 3596 861 3651 dux
879 3596 997 3652 t'enctiac
1011 3613 1060 3668 per
1074 3612 1132 3651 ina·
1181 3594 1374 3663 staiitiuopolis
1386 3605 1469 3665 caput
1481 3597 1589 3651 exstitit
1601 3634 1609 3660 ,
1621 3612 1683 3649 cuni
1698 3596 1864 3665 imperatore
1875 3606 1904 3651 et
1916 3598 1978 3651 uni·

338 3678 385 3731 rc,
398 3664 559 3721 marcbioet
572 3680 664 3721 coines
675 3663 811 3721 Flandriae
842 3682 872 3720 er
885 3676 984 3721 terrain
998 3668 1129 3722 assiliret.
1182 3678 1262 3717 verso
1276 3665 1338 3731 elus
1354 3666 1486 3734 imperio,
1502 3667 1585 3735 capiti
1600 3682 1651 3720 suo
1666 3664 1790 3719 llemaiie
1805 3666 1930 3736 potititlei
1945 3682 1978 3723 se

339 3731 397 3804 Ego
412 3732 548 3804 siquidem
563 3742 591 3790 ct
605 3734 641 3790 ll.
661 3733 696 3791 de
721 3734 819 3791 liente-
854 3737 1015 3802 ocentiam,
1038 3751 1127 3791 mare·
1182 3748 1244 3787 esse
1266 3735 1352 3788 lilium
1374 3740 1565 3806 recognoscit,
1588 3743 1615 3789 cl
1635 3736 1693 3789 vult
1714 3735 1747 3789 de
1768 3744 1868 3790 catere
1885 3738 1978 3791 cidem

338 3803 442 3859 scollus
455 3804 629 3875 Campaniae,
645 3802 679 3859 Α.
697 3806 731 3860 de
746 3805 775 3860 S.
792 3806 899 3877 Cyrene
921 3807 986 3861 duni
1010 3809 1132 3861 assultus
1182 3816 1259 3857 more
1286 3804 1369 3857 solite
1392 3806 1546 3859 humilitate
1569 3807 1675 3874 captiva
1701 3804 1829 3861 devotius
1850 3804 1975 3861 obedire.

338 3872 434 3939 lieret,
451 3874 655 3930 custodiremus
668 3877 817 3931 exercitum
831 3877 911 3944 Juxta
926 3877 1025 3930 vallum
1045 3876 1132 3931 leviri·
1182 3868 1242 3941 lpse
1253 3873 1335 3927 etiain
1346 3873 1469 3943 ejusdem
1486 3877 1640 3945 patriarciia
1656 3876 1720 3929 liuic
1735 3875 1862 3943 aspirans
1875 3876 1975 3945 operi,

339 3950 420 3999 secus
435 3951 462 3998 el
477 3958 527 4013 per
541 3959 670 4014 campos,
684 3954 711 4000 et
724 3946 764 4001 sie
781 3947 906 4002 lecimus.
1182 3942 1353 4012 applaudens
1368 3959 1425 3997 sucu
1439 3942 1581 4013 dignitatis
1599 3944 1712 4014 pallium
1728 3959 1743 3997 a
1758 3960 1868 3999 summe
1883 3947 1979 4014 periti-

373 4010 458 4067 Facta
472 4021 564 4068 autern
577 4014 767 4078 ordinatione,
779 4024 806 4071 et
819 4016 961 4086 proposito
973 4016 1131 4081 terminato,
1184 4012 1234 4067 lice
1246 4021 1416 4085 recepturus.
1430 4012 1581 4068 lloirraiiaiii
1595 4015 1712 4069 ulterius
1728 4015 1820 4070 sedem
1834 4016 1976 4083 requiret·

338 4080 395 4137 dux
409 4089 437 4137 et
452 4081 560 4137 venetii
576 4098 639 4137 cuin
656 4084 821 4154 quibusdam
837 4085 871 4141 dc
892 4088 995 4142 nostris
1016 4088 1063 4156 ipui
1084 4102 1132 4155 per
1181 4087 1216 4134 ct·
1229 4098 1313 4152 super
1334 4084 1387 4137 liac
1406 4085 1464 4154 ipse
1483 4098 1546 4137 cum
1561 4085 1726 4151 imperatore
1739 4084 1885 4151 jiiranenis
1900 4099 1976 4154 prae-

338 4165 414 4206 mare
427 4153 537 4221 navigio
551 4159 678 4221 potenter
692 4154 853 4216 instabant,
870 4170 956 4225 prope
970 4158 1058 4211 muris
1081 4172 1132 4208 na·
1183 4150 1253 4205 stitit
1267 4156 1435 4207 cautionem.
1451 4152 1492 4206 nd
1517 4154 1575 4207 liacc
1594 4162 1689 4208 nester
1709 4153 1867 4223 imperatur,
1881 4154 1977 4207 enini·

338 4219 419 4275 vibus
430 4222 595 4290 applicatis,
611 4222 700 4277 scalas
714 4223 810 4288 ¹muris
826 4224 996 4279 acclinantes
1011 4226 1133 4278 iiitiave·
1183 4218 1235 4297 bus
1259 4235 1320 4289 quc
1341 4224 1506 4291 premiserat
1529 4224 1608 4291 plene
1632 4230 1659 4278 et
1679 4224 1784 4301 integre
1804 4224 1977 4290 persolutis,

336 4296 403 4347 nuxit
417 4304 480 4344 cum
496 4290 620 4345 virtuoso
635 4291 743 4361 impetu
761 4291 919 4357 civitatem,
936 4292 1031 4364 viginti
1049 4293 1132 4363 quin·
1180 4300 1338 4354 iuramento
1353 4306 1383 4345 se
1398 4292 1478 4346 nobis
1492 4292 1658 4346 constrinxit
1672 4308 1702 4346 se
1715 4296 1856 4347 nobiscum
1879 4301 1979 4348 trans-
2012 4318 2016 4328 ·

297 4364 324 4431 ..ἰ
410 4358 502 4415 tribus
522 4359 681 4415 lucrefactis
700 4362 779 4432 juxte
800 4361 982 4431 puerilitatem
1007 4363 1131 4417 Atrebati

287 4430 311 4477 ’ἴ
386 4429 498 4486 civitate
511 4444 566 4485 non
582 4429 690 4484 modica
705 4431 929 4486 combusserunt.
948 4432 1040 4488 Nostri
1062 4448 1133 4503 quo-

238 4490 240 4495 ’
336 4512 392 4569 que
406 4513 455 4569 per
469 4506 571 4553 meram
585 4514 651 4553 suos
668 4498 803 4555 iacientes
819 4502 960 4566 assultus,
983 4504 1068 4558 scalis
1092 4505 1133 4557 si·

338 4566 441 4623 niillter
452 4568 538 4623 muris
547 4569 691 4639 appositis,
703 4584 769 4624 suus
779 4585 862 4639 super
873 4586 967 4627 inuros
978 4581 1131 4642 posuerunt

338 4636 468 4693 banerias
482 4646 510 4692 et
527 4641 635 4694 vexilla.
660 4638 803 4695 ilinitores
832 4656 898 4695 vere
929 4656 1038 4696 muium
1061 4641 1127 4697 iiiic-

338 4708 397 4763 rius
421 4716 605 4773 excavantes,
631 4725 714 4764 unam
736 4711 834 4764 turrim
859 4719 1028 4767 straverunt.
1052 4710 1130 4767 Tunc

338 4777 487 4848 imperator
509 4779 637 4834 incendio
658 4780 789 4844 civitatis,
810 4787 837 4835 et
847 4784 951 4837 nestris
962 4782 1080 4845 insidiis,
1104 4789 1131 4836 ct

338 4846 504 4917 iiiipertunis
515 4848 664 4905 insultibus
677 4851 798 4920 undique
807 4859 977 4917 coarctatus,
989 4854 1023 4907 ad
1038 4863 1132 4922 pertas

339 4916 462 4987 singulas
476 4932 537 4986 quse
552 4920 585 4972 ad
600 4933 713 4990 campos
727 4922 830 4975 exitum
852 4922 1007 4986 iaciebant,
1027 4924 1132 4978 consti·

338 4985 391 5039 tuit
403 4993 510 5042 turnus
523 4988 639 5043 militum
652 5005 706 5043 non
719 5005 869 5059 paucorum
882 5030 889 5054 ,
904 5004 933 5045 ut
947 5008 997 5047 nos
1012 4994 1132 5046 circuiu-

337 5068 447 5126 quaque
462 5057 572 5112 invasos
589 5066 758 5115 truncarent.
775 5060 892 5115 licentra
905 5077 955 5117 nos
968 5070 1077 5117 nostras
1091 5078 1133 5116 or·

338 5126 494 5181 dinariinus
514 5141 638 5199 pugnas,
657 5142 751 5186 eunies
771 5130 905 5185 l'landriae
922 5147 984 5185 euin
1004 5134 1080 5197 suis,
1101 5140 1129 5188 ct

338 5210 389 5267 ego
400 5210 510 5266 quoque
520 5212 583 5251 cum
597 5198 677 5262 meis,
691 5205 806 5269 uterque
819 5200 926 5256 scilicet
937 5203 964 5255 in
975 5218 1063 5257 cuneo
1077 5218 1129 5258 sue

337 5271 494 5321 consistens
517 5275 581 5322 ante
603 5268 775 5331 custodiam,
798 5278 825 5324 el
848 5272 1031 5339 equitavimus
1054 5274 1129 5327 erui-

338 5344 419 5400 nate,
433 5342 461 5391 et
475 5337 616 5406 conjuncti
628 5339 706 5407 juxta
724 5340 846 5407 praelium
863 5343 942 5398 nobis
957 5343 1128 5397 contrarium

338 5406 380 5461 eis
393 5405 463 5460 adeo
476 5408 745 5477 appropinquantes,
759 5411 832 5481 quod
845 5425 939 5465 cerum
954 5414 1089 5483 sagittarii
1102 5422 1129 5469 et

338 5474 506 5534 arbalistarii
525 5479 668 5533 trabebant
690 5478 717 5534 iii
744 5496 812 5547 iios,
832 5490 858 5534 ct
878 5482 965 5538 nostri
990 5488 1016 5537 ln
1040 5484 1125 5554 ipsos.

1184 4360 1283 4412 lretarc
1307 4361 1341 4413 ad
1366 4358 1485 4414 medium
1523 4360 1652 4417 instantis
1678 4360 1766 4415 llartii
1787 4376 1851 4415 curn
1877 4362 1978 4419 deeein

1183 4427 1305 4483 millibus
1317 4430 1489 4493 bellatorum,
1500 4431 1549 4484 teti
1563 4432 1694 4485 exercitui
1705 4428 1812 4485 lleniiiii
1828 4431 1855 4485 iii
1869 4448 1977 4487 aniirini

1185 4498 1314 4551 victualia
1329 4500 1513 4569 largiturum,
1530 4508 1557 4554 et
1571 4501 1682 4555 stolium
1700 4500 1877 4555 l'eiictioruin
1893 4502 1979 4558 nobis

1183 4568 1328 4638 prolongat
1343 4569 1371 4623 in
1386 4584 1500 4623 aiiiiiim.
1518 4567 1672 4626 Piacniissis
1685 4576 1767 4625 etiam
1781 4586 1813 4627 cx
1832 4586 1911 4641 parre
1924 4588 1979 4629 sua

1184 4646 1212 4691 et
1226 4647 1320 4694 nostra
1338 4640 1460 4704 nuntiis,
1484 4638 1518 4691 ad
1533 4640 1679 4694 sudarium
1697 4641 1865 4711 Babyloniae,
1881 4640 1979 4698 Terrae

1186 4706 1295 4762 Sanctae
1309 4708 1397 4779 ipsius
1411 4712 1597 4775 detentorem,
1611 4710 1723 4765 mandat
1734 4710 1807 4780 quod
1820 4711 1879 4781 ipse
1893 4712 1978 4768 dero·

1185 4777 1287 4833 tieucin
1307 4780 1400 4848 populi
1425 4778 1574 4841 Christiani
1597 4781 1670 4850 genti
1694 4796 1751 4835 suae
1774 4780 1924 4837 iiicrsnlulae
1945 4784 1977 4839 in

1185 4848 1311 4916 proximo
1326 4858 1508 4912 ostensurus,
1530 4850 1564 4903 ad
1584 4851 1778 4907 contritionem
1802 4849 1977 4911 infidelitatis

1186 4918 1234 4971 tlei
1259 4918 1387 4973 virtutem
1413 4926 1440 4973 ct
1465 4919 1682 4974 misericerdiam
1707 4920 1888 4991 exspectabit.
1916 4922 1977 4981 Nos

1186 4987 1271 5057 igitur
1291 4996 1331 5042 tot
1351 4998 1379 5043 et
1399 4989 1484 5044 tantis
1504 4990 1672 5045 utilitatibus
1693 4992 1853 5061 provocati,
1874 4999 1902 5046 ct
1920 5008 1977 5063 spo

1186 5068 1281 5112 sancta
1298 5058 1450 5114 liituroruin
1463 5060 1596 5114 benorum
1612 5060 1729 5125 detenti,
1745 5061 1818 5132 apud
1830 5061 1976 5119 civitatem

1186 5128 1375 5197 praescriptani
1400 5130 1579 5199 proponimus
1607 5131 1746 5195 liieniare,
1771 5140 1798 5186 et
1822 5132 1875 5186 hoc
1898 5132 1978 5189 idem

1184 5200 1315 5253 tratribus
1327 5204 1429 5255 nestris
1443 5201 1489 5270 qui
1501 5200 1693 5257 transmarinis
1706 5202 1832 5271 partibus
1844 5209 1977 5257 nostrum

1184 5270 1377 5335 praestolantur
1405 5271 1551 5326 advciituni
1583 5273 1740 5324 curarimus
1768 5271 1915 5336 intimare,
1945 5284 1979 5327 ut

1184 5339 1254 5407 ipsi,
1285 5346 1443 5394 uestrorum
1472 5339 1573 5396 auditis
1600 5340 1757 5395 ruinorilius
1786 5342 1976 5413 gaudiorum,

1183 5423 1301 5477 quorum
1322 5425 1370 5465 ces
1393 5412 1542 5480 participes
1563 5426 1624 5466 esse
1638 5418 1835 5480 peroptamus,
1851 5413 1980 5469 adiiiiiii·

1183 5480 1245 5533 culo
1260 5478 1319 5549 spei
1334 5492 1436 5537 sanctae
1450 5481 1571 5547 sud'nlti,
1602 5487 1775 5538 constantius
1797 5490 1978 5551 exspectent.

1148 4678 1171 4737 l)
