4350 6709
273 515 332 596 'tlt
811 534 950 595 slctnbl
965 535 1212 594 credonensis
1232 535 1385 594 episcopi
1844 545 1897 602 lid

276 653 347 711 tine
368 649 402 709 ad
415 651 602 723 sepulturam
626 651 697 707 unde
718 650 813 708 calicis
825 653 861 708 ab
873 654 954 709 altari
966 630 1058 709 eleva·
1072 657 1099 717 Α
1112 661 1195 718 tatur,
1211 653 1283 724 quod
1299 668 1408 709 suvnmo
1422 667 1501 710 mane
1523 653 1608 710 missa
1620 660 1755 722 cantatur,
1772 672 1805 712 er
1831 675 1898 715 eon-

276 758 318 804 tro
333 754 405 811 ,est
431 744 555 816 eorporis
581 760 597 800 a
621 759 703 801 cruce
726 744 856 810 remotio,
876 755 903 800 et
915 762 1014 802 rursus
1033 745 1062 800 in
1113 748 1257 806 suetudine
1275 758 1327 815 est,
1346 764 1400 804 non
1425 763 1456 804 ex
1472 749 1580 813 ordine,
1608 748 1655 805 sed
1669 759 1781 820 proptor
1800 768 1898 809 neces·

274 838 356 895 altari
371 836 523 908 depositio,
543 846 585 893 est
607 838 730 909 ejusdem
744 839 772 894 in
786 840 891 896 tumulo
906 840 1061 896 collocatio.
1113 842 1270 901 citudinem.
1294 840 1349 897 Leo
1364 856 1434 913 papa
1448 840 1568 897 diluculo
1582 841 1616 898 ad
1631 842 1744 899 missam
1761 845 1898 915 intrabat;

273 930 440 988 Gummistio
453 947 519 988 vcro
542 933 659 1002 pertinet
675 933 709 988 ad
736 933 981 990 resurrectionem.
1007 933 1063 988 Db-
1112 935 1207 992 nescio
1233 951 1267 991 nn
1281 936 1487 1003 commoditate,
1501 950 1535 991 an
1549 936 1667 1003 ratione,
1688 952 1724 993 an
1757 939 1815 995 sola
1831 957 1900 997 usus

273 1021 338 1080 latae
356 1022 454 1080 iraetio
472 1023 507 1078 ad
534 1024 607 1079 iliam
630 1024 802 1092 fractionem,
817 1041 900 1097 quam
929 1025 1063 1083 Dominus
1112 1027 1253 1100 apostolici
1270 1035 1414 1097 potestate,
1435 1035 1462 1082 et
1476 1025 1546 1082 iorte
1567 1027 1615 1098 qui
1639 1029 1802 1085 necessitate
1827 1047 1898 1102 prae·

273 1114 380 1172 iocitin
397 1114 528 1172 Emmaus
545 1116 577 1173 ¹¹.
608 1114 742 1173 Salutatio
757 1117 828 1173 adid
849 1119 922 1189 qued
938 1120 976 1174 ait
996 1136 1063 1192 apo·
1112 1119 1224 1176 veniunt
1243 1118 1349 1173 tertiam
1375 1125 1423 1175 aut
1441 1117 1560 1173 ollerunt
1587 1127 1656 1189 post
1678 1134 1780 1176 noriam
1805 1137 1901 1177 amore

245 1200 250 1210 ‘
275 1207 377 1263 stolis:
403 1206 486 1262 rPau
516 1208 594 1264 voltis
611 1208 643 1263 ¹¹.
661 1229 671 1263 i
698 1207 798 1267 Ultima
809 1211 939 1268 salutatio
958 1222 1000 1269 est
1027 1214 1061 1269 ad
1112 1211 1217 1278 divino,
1231 1218 1260 1265 ut
1281 1224 1335 1265 non
1351 1218 1495 1281 pretereat
1516 1210 1555 1266 cis
1578 1210 1638 1267 dies
1664 1210 1768 1282 absque
1794 1214 1899 1268 sacriti-

274 1299 413 1369 apostolos
427 1298 585 1354 commitiva
608 1299 636 1354 in
650 1300 813 1356 ascensione
841 1300 949 1358 Domini
978 1303 1062 1360 beno·
1113 1302 1173 1368 cio,
1191 1310 1306 1373 possunt
1328 1301 1455 1357 excusari
1480 1317 1544 1358 cum
1567 1302 1710 1373 discipulis
1735 1304 1782 1374 qni
1809 1306 1893 1360 relie-

274 1391 370 1461 dictio,
388 1391 431 1446 vel
444 1399 545 1446 aeterna
560 1391 705 1460 salutatio;
719 1402 747 1449 ει
757 1393 831 1451 scias
841 1396 914 1467 quod
928 1396 993 1451 olim
1006 1411 1062 1452 non
1112 1393 1180 1449 bant
1200 1393 1290 1464 spicas
1311 1393 1340 1447 in
1357 1393 1474 1449 sobiotis
1489 1395 1523 1463 ¹¹,
1535 1403 1637 1451 etcum
1651 1393 1737 1450 David
1760 1396 1808 1467 qui
1823 1411 1899 1453 com·

273 1488 353 1539 tanto
377 1493 521 1554 apparatu,
542 1498 630 1554 neque
649 1492 705 1539 tam
720 1485 837 1542 solemni
856 1487 970 1544 missam
991 1502 1061 1558 apo·
1111 1485 1168 1543 edit
1190 1501 1275 1557 panes
1299 1486 1494 1557 propositionis
1514 1489 1552 1555 ¹¹3
1568 1488 1611 1543 rel
1631 1486 1703 1543 lorte
1717 1498 1782 1558 post
1798 1503 1899 1545 nonam

276 1575 339 1632 stoli
362 1586 518 1644 cantavere,
532 1577 579 1635 sed
594 1578 728 1633 duntaxat
744 1579 889 1650 epistolam
903 1589 931 1635 et
946 1595 1062 1652 orange·
1112 1586 1223 1650 propter
1236 1576 1452 1649 gastrimargiam
1466 1577 1614 1647 vitandam,
1630 1579 1673 1634 vel
1688 1578 1753 1650 quia
1766 1578 1795 1635 ln
1815 1580 1898 1634 missa
1915 1578 1924 1605 ·”

277 1668 344 1722 lium
357 1669 534 1741 praelegentes
555 1667 589 1723 ad
603 1669 661 1724 sola
678 1670 758 1725 verba
784 1669 904 1734 Domini,
921 1688 985 1728 eum
997 1688 1061 1728 ora·
1112 1675 1272 1731 memoriam
1294 1672 1411 1730 iacimus
1429 1674 1574 1744 passionis,
1596 1675 1730 1732 mortiset
1743 1665 1921 1748 sepulturae,’

275 1761 352 1816 tione
370 1760 512 1816 Dominica
528 1762 728 1831 consecrabant
742 1780 751 1825 ;
766 1773 795 1818 at
811 1765 898 1820 sancti
919 1780 1012 1837 patres
1035 1774 1063 1821 et
1113 1765 1324 1823 resurrectionis
1336 1773 1364 1821 et
1374 1765 1553 1823 ascensionis.
1579 1765 1648 1836 yldeo
1666 1777 1791 1824 cantatur
1803 1777 1844 1824 tot
1856 1785 1901 1824 va·

272 1853 417 1923 apostolici
439 1853 492 1908 viri
516 1855 719 1926 solemnitates,
730 1871 801 1928 quas
820 1857 1003 1928 premisimus
1015 1857 1061 1913 ad·
1113 1858 1162 1916 riis
1177 1858 1252 1914 horis
1275 1858 1339 1928 quia
1360 1858 1439 1914 tertia
1454 1856 1615 1928 flagellatur,
1634 1867 1710 1915 serta
1732 1842 1922 1946 immolatum}

272 1943 377 1999 didere.
750 1986 755 1993 -
1114 1965 1187 2006 nona
1201 1949 1329 2016 moritur,
1347 1958 1411 2019 post
1425 1965 1527 2005 nonam
1549 1949 1691 2021 sepelitur,
1709 1965 1791 2007 mane
1801 1952 1898 2022 surgit,
1914 1958 1928 2023 y,-

309 2035 456 2111 huncque
481 2040 549 2096 hora
571 2048 599 2096 et
617 2040 726 2111 quoties
742 2040 780 2096 sit
800 2041 884 2098 missa
899 2039 1062 2099 celebranda
1078 2007 1099 2065 Β
1114 2041 1199 2098 coelos
1223 2040 1356 2096 ascendit.
1389 2039 1479 2095 Semel
1504 2039 1532 2095 in
1556 2041 1600 2096 die
1624 2041 1707 2097 missa
1732 2040 1813 2097 debet
1831 2022 1926 2098 cele-f

273 2145 399 2201 quaerere
424 2148 479 2186 non
503 2140 547 2187 est
573 2133 681 2188 inutile.
710 2131 811 2190 Tribus
834 2148 899 2205 ergo
925 2134 1001 2191 horis
1022 2145 1064 2191 est
1112 2132 1305 2189 brariahuno
1333 2131 1485 2200 sacerdote,
1511 2131 1576 2201 quia
1599 2131 1683 2188 semel
1712 2132 1838 2188 Christus
1850 2148 1900 2203 pro

274 2225 360 2279 missa
372 2224 533 2296 regulariter
541 2225 713 2281 celebranda.
725 2224 828 2295 Tertia,
842 2236 920 2282 setta
934 2235 961 2282 et
975 2243 1061 2294 nona;
1113 2226 1192 2281 nobis
1217 2225 1303 2280 voluit
1325 2224 1462 2280 immolari
1483 2223 1516 2278 ¹¹.
1540 2221 1569 2278 Si
1590 2231 1682 2279 tamen
1695 2225 1844 2280 necessitas
1854 2239 1900 2280 co-

275 2317 365 2384 tertia,
381 2325 412 2372 ut
429 2315 614 2387 Telesphorus
639 2318 768 2388 instituit,
784 2328 812 2376 ει
839 2318 987 2391 Gregorius
1015 2336 1064 2392 ep-
1113 2318 1161 2389 git,
1174 2330 1214 2383 ut,
1230 2334 1292 2373 cum
1307 2318 1368 2373 duae
1384 2315 1549 2373 festivitates
1570 2325 1729 2383 oecurmrnt,
1754 2317 1814 2372 eus
1833 2332 1899 2387 pus·

273 2408 413 2478 probavit;
442 2409 507 2480 quia
529 2417 596 2465 tunc
617 2419 660 2466 est
686 2409 821 2467 Dominus
844 2410 993 2468 crucifixus
1009 2411 1063 2467 lin·
1113 2420 1179 2467 sunt
1194 2410 1304 2466 veltres
1319 2409 1483 2479 (utquidam
1508 2409 1645 2478 asserunt)
1675 2409 1898 2466 celebrariztum

274 2504 337 2572 guis
349 2500 503 2560 ludaeorum
517 2504 698 2561 clamantibus
715 2523 722 2560 ε
737 2522 747 2558 ι
762 2504 898 2576 Greciiige
913 2506 945 2560 ¹¹.
961 2504 1063 2562 »Tunc
1113 2504 1179 2577 quis
1197 2503 1270 2560 licite
1281 2503 1311 2558 fit
1321 2502 1347 2557 in
1361 2500 1461 2568 Natali,
1477 2494 1534 2557 tum
1551 2502 1615 2574 quia
1631 2502 1765 2572 tripartita
1779 2510 1820 2558 est
1835 2518 1899 2572 pas·

274 2596 357 2651 etiarn
372 2605 414 2652 est
426 2611 442 2651 a
456 2598 591 2654 militibus
617 2597 779 2670 flagellatus.
803 2597 896 2667 Sexta,
912 2598 976 2670 quia
996 2607 1064 2655 tune
1114 2599 1157 2655 sio
1170 2596 1287 2665 Christi,
1308 2611 1406 2666 passus
1420 2602 1464 2651 est
1482 2595 1557 2652 enim
1580 2595 1682 2667 linguis
1697 2595 1897 2661 insultantium,

273 2697 316 2744 cst
330 2690 488 2747 immolatus
504 2698 531 2747 et
552 2692 681 2746 manibus
706 2692 865 2748 erucillrus.
883 2688 980 2760 Dona,
998 2692 1064 2762 quia
1114 2690 1241 2746 manibus
1258 2688 1473 2755 verberantium,
1491 2688 1580 2744 clavis
1597 2687 1828 2759 eruciilgentiunt.
1840 2686 1901 2758 lpse

275 2784 341 2833 tunc
359 2778 518 2849 exspiravit.
544 2777 636 2836 Tertia
658 2789 785 2839 cantatur
810 2783 838 2837 iu
859 2781 975 2849 iestivis,
989 2791 1064 2838 sexta
1113 2783 1195 2837 etiam
1209 2789 1250 2837 est
1265 2796 1281 2836 a
1294 2779 1458 2850 patriarchis
1483 2779 1606 2849 gestibus
1629 2779 1901 2849 immolatus,apro·
1949 2773 1950 2778 ’

275 2870 304 2924 in
315 2868 454 2940 proiestis,
474 2886 547 2927 riona
570 2871 600 2928 in
623 2873 739 2944 jeiuniis
757 2893 764 2943 ;
782 2876 916 2930 tamenin
937 2875 1064 2932 Sahlvatis
1114 2874 1203 2947 phetis
1218 2873 1307 2929 verbis
1321 2872 1530 2938 sacrificatum
1555 2870 1636 2926 Patre
1658 2879 1686 2926 et
1701 2885 1730 2926 se
1742 2871 1803 2940 ipso
1818 2869 1901 2926 reali-

275 2970 394 3030 quatuor
406 2969 572 3032 temporum,
590 2962 669 3018 valde
683 2978 745 3019 sero
775 2964 928 3020 celebretur
954 2973 1064 3035 propter
1115 2975 1156 3023 ter
1177 2964 1286 3019 oblatus
1300 2964 1332 3017 ¹¹.
1347 2962 1458 3035 Legitur
1479 2972 1571 3019 tamen
1586 2961 1659 3033 quod
1674 2961 1730 3016 Leo
1744 2976 1813 3032 papa
1828 2975 1900 3030 saepe

275 3067 371 3110 saeros
394 3052 516 3120 ordines,
540 3055 588 3124 qui
612 3055 749 3126 pertinent
763 3056 797 3111 ad
825 3055 1005 3112 Dominicam.
1034 3055 1063 3110 ln
1116 3058 1226 3125 septies,
1253 3053 1402 3126 aliquando
1429 3053 1526 3110 novies
1555 3053 1583 3109 in
1600 3053 1696 3108 eadem
1717 3052 1761 3107 die
1785 3051 1899 3107 missam

276 3143 403 3201 Sabbatis
420 3161 531 3217 quoque
542 3144 653 3214 Paschae
666 3156 694 3203 et
708 3145 883 3204 Pentecostes
896 3162 959 3203 sero
975 3156 1065 3202 carate·
1115 3145 1273 3202 celebravit.
1309 3145 1386 3201 Sicut
1414 3160 1479 3217 ergo
1503 3145 1569 3202 licet
1599 3144 1758 3217 presbytero
1785 3144 1899 3200 missam

275 3247 332 3304 tur,
354 3238 427 3310 quod
460 3254 493 3292 cx
523 3238 711 3295 benedictione
744 3240 816 3294 corel
843 3238 1064 3309 deprehenditur,
1115 3238 1217 3309 pluries
1237 3237 1384 3306 celebrare,
1411 3238 1529 3294 siclicet
1551 3236 1679 3308 religioso
1709 3236 1778 3291 laico
1802 3236 1829 3291 in
1855 3236 1900 3292 die

276 3347 339 3385 euru
354 3331 475 3386 dicitur:
500 3329 565 3386 lieo
578 3346 641 3398 troc,
654 3340 682 3387 ει
693 3347 726 3386 er
742 3331 867 3398 collecta,
880 3331 1041 3386 ubidicitur
1056 3350 1063 3386 :
1078 3357 1100 3417 ο
1116 3327 1221 3398 pluries
1242 3331 1458 3396 communicare;
1483 3335 1610 3383 nentrum
1633 3334 1723 3382 nmen
1747 3332 1788 3381 est
1814 3340 1899 3396 appe-

276 3418 348 3478 Desr
364 3425 410 3495 qui
433 3423 502 3477 horre
517 3424 731 3479 sacratissimam
756 3433 868 3479 nectent.
894 3421 928 3477 Et
942 3422 1006 3488 hoc,
1023 3423 1066 3478 vei
1118 3418 1247 3486 tendum;
1274 3419 1338 3489 guia
1364 3418 1536 3476 familiaritas
1554 3419 1626 3488 parit
1660 3423 1853 3487 contemptum,
1870 3423 1900 3471 et

276 3517 341 3586 ryuia
368 3526 448 3573 noete
470 3517 516 3574 iiia
541 3516 675 3572 Dominus
694 3515 863 3582 resurrexim
891 3514 933 3570 vel
954 3524 1064 3587 propter
1114 3517 1287 3580 contemptus
1310 3511 1489 3567 manducanti
1512 3509 1662 3581 iudicium3
1682 3506 1810 3564 discretio
1831 3522 1905 3564 vero

276 3609 461 3665 visitationem
485 3608 632 3665 mulierum
655 3607 690 3664 ad
716 3606 872 3679 sepulcrum
891 3606 1001 3662 Domini
1029 3608 1063 3663 ¹¹.
1115 3611 1143 3658 et
1157 3601 1265 3660 devotio
1286 3603 1411 3676 gratiam,
1425 3618 1507 3674 quam
1530 3601 1696 3657 eucharistia
1721 3599 1823 3656 redolet
1842 3609 1900 3655 ιειιι

277 3697 307 3755 ln
332 3700 415 3755 natali
430 3710 521 3756 autem
538 3699 646 3755 Domini
661 3698 746 3755 missa
763 3698 850 3768 prima
865 3697 987 3753 denecte
997 3712 1064 3753 ean-
1115 3695 1212 3753 ellectu
1227 3711 1311 3768 quam
1321 3696 1440 3753 nominis
1454 3694 1629 3768 etymologia.

179 3942 187 3957 .
279 3856 496 3984 ..ἱοῐῐὸιιεέῖι
536 3857 558 3890 ¹¹
575 3855 643 3913 ibid.
681 3857 703 3889 ¹¹
727 3855 865 3915 loamlh.
900 3854 1081 3913 ’‘toan.2u.
1120 3857 1141 3890 ¹¹
1159 3855 1315 3991 hlatthsit,
1350 3855 1535 3928 ¹¹lReg.i.i.
1575 3855 1598 3891 ¹¹
1613 3850 1853 3920 hom.d;chtr.
1869 3852 1898 3907 ὅ.

842 4214 1024 4305 LIBER
1049 4210 1343 4322 QUARTUS.

630 4365 636 4373 ’
667 4359 686 4383 ”
780 4451 783 4456 .
877 4407 922 4462 or
942 4403 1089 4464 orrrous
1106 4403 1298 4465 recursis.

581 4700 775 4758 PROLOGUS.
1082 4701 1107 4757 D
1121 4694 1304 4764 ventu,aliuin
1314 4691 1428 4760 Pascha,
1440 4691 1491 4746 alia
1500 4691 1526 4746 in
1535 4688 1633 4745 Natali.
1644 4683 1776 4742 Prirnodo
1788 4697 1897 4755 genera·

315 4797 430 4868 Expedit
444 4797 497 4863 his,
516 4811 585 4867 quos
608 4795 686 4850 labor
708 4794 859 4849 officiorum
874 4789 1004 4860 exagitat,
1025 4789 1068 4846 in·
1118 4791 1189 4849 libus
1203 4800 1410 4858 prosequamur.
1426 4783 1593 4839 Generaliter
1608 4781 1679 4836 eninr
1688 4778 1820 4859 Dicimus
1833 4758 1901 4852 rfrhil

280 4893 425 4963 vestigare,
440 4890 506 4961 quid
525 4889 562 4946 sit
588 4889 718 4956 odicium,
738 4886 851 4944 etundc
869 4885 989 4943 dieitur:
1004 4884 1069 4942 Otii-
1118 4897 1178 4940 esse
1198 4879 1378 4951 psallendum,
1396 4876 1449 4932 nisi
1472 4875 1545 4945 quod
1567 4883 1608 4928 est
1623 4889 1639 4927 a
1655 4883 1763 4927 summo
1775 4867 1904 4968 pontilice

280 4984 354 5040 ciunt
369 4993 422 5051 est,
449 4993 479 5038 ut
504 4983 541 5037 ait
562 4981 694 5046 isidorus,
721 4994 861 5052 congruus
882 4979 1068 5036 aetusunins-
1119 4975 1309 5032 canonizatum
1327 4971 1376 5025 :in
1401 4967 1541 5038 primitiva
1563 4965 1635 5019 enirn
1658 4960 1779 5016 Ecclesia
1802 4957 1902 5012 diversi

280 5077 415 5149 cuiusque
439 5075 588 5131 seeundum
604 5076 677 5146 leges
701 5083 729 5131 ει
758 5089 851 5129 mores
871 5073 1001 5139 civitatis,
1025 5073 1069 5128 vei
1119 5069 1226 5124 diversa
1247 5064 1394 5122 cantabant
1414 5060 1447 5115 ad
1468 5075 1546 5115 suam
1566 5057 1749 5118 voluntatem
1766 5057 1906 5105 verumta-

280 5170 403 5226 instituta
430 5167 630 5239 professionis:
645 5167 698 5221 alia
717 5181 836 5237 nanrquc
859 5174 925 5223 sunt
944 5165 1069 5222 instituta
1120 5183 1182 5224 meu
1196 5163 1378 5221 observabant
1402 5157 1561 5232 Symbolum
1577 5163 1604 5209 et
1620 5150 1788 5206 Dominicam
1804 5146 1904 5200 oratic)-

280 5263 491 5328 monaehorum,
519 5259 572 5314 alia
611 5258 819 5314 canonicorum.
851 5259 955 5314 Dicitur
976 5267 1069 5312 autem
1120 5275 1192 5316 nem.
1207 5256 1396 5321 Postmodum,
1410 5267 1473 5307 eum
1488 5243 1801 5334 haeresespullulassent,
1815 5237 1907 5291 Theo·

280 5354 411 5421 officium,
427 5363 456 5409 ut
480 5353 519 5408 ait
537 5350 729 5424 Hieronymus,
746 5347 831 5422 'qussi
856 5350 1068 5421 ellleiun13quia
1119 5350 1214 5407 dosius
1228 5349 1386 5418 imperator,
1414 5343 1462 5414 qui
1489 5341 1607 5396 haerescs
1620 5332 1790 5403 exstirpavit,
1804 5329 1907 5431 Dama·

280 5445 472 5516 unusquisqne
490 5445 571 5500 debet
582 5443 687 5500 elllcere
700 5458 781 5500 suum
793 5443 929 5510 officium3
951 5443 993 5498 vel
1004 5443 1069 5513 quia
1120 5457 1180 5498 snm
1195 5456 1293 5512 papam
1317 5437 1432 5510 rogavit,
1458 5441 1489 5489 ut
1501 5430 1637 5486 catholico
1653 5428 1711 5481 viro
1724 5425 1908 5480 eomurrttcret

282 5536 310 5590 in
337 5545 448 5592 eosunt
464 5537 580 5608 agenda,
594 5552 656 5608 quae
681 5536 789 5607 prosint
811 5535 940 5591 omnibus
960 5545 987 5591 ct
1002 5535 1069 5589 nulii
1120 5533 1335 5590 ecclesiasticum
1358 5529 1477 5584 ollieium
1506 5523 1651 5587 ordinare3
1678 5515 1817 5574 commisit
1841 5526 1908 5579 ergo

282 5625 412 5683 oilleiant.
450 5627 520 5683 Sunt
554 5637 646 5684 autem
670 5627 759 5682 officia
785 5627 908 5698 quedam
935 5625 1069 5697 generalia
1121 5626 1286 5696 hieronymo
1312 5619 1471 5692 presbytero
1495 5615 1523 5669 in
1539 5613 1626 5668 tribus
1638 5608 1750 5680 linguis,
1763 5603 1907 5667 hebraica,

279 5729 330 5784 per
343 5721 539 5772 totumannunr
553 5717 731 5785 observanda,
744 5725 773 5772 ut
784 5718 915 5772 rnatutina
930 5725 957 5772 et
968 5727 1071 5787 septem
1121 5717 1214 5776 Graeca
1237 5713 1386 5782 Latinoque
1405 5708 1510 5780 perito;
1525 5705 1572 5775 qui
1595 5702 1689 5757 Romae
1712 5699 1764 5754 sub
1777 5694 1910 5767 apostoli·

188 5824 192 5832 ·
282 5807 358 5865 horae
371 5823 381 5863 .·
392 5809 517 5878 quaedam
532 5820 598 5867 sunt
617 5811 747 5882 specialia
766 5811 916 5867 seeundum
927 5810 1072 5880 diversita·
1121 5809 1162 5865 cis
1184 5814 1286 5878 septem
1302 5803 1392 5859 iuerat
1404 5807 1592 5857 conversatus.
1612 5792 1691 5848 Tunc
1706 5799 1796 5846 autent
1818 5801 1910 5842 mora-

282 5907 336 5955 tem
352 5910 516 5971 temporum,
527 5902 676 5959 secundum
689 5903 845 5961 distantiam
859 5902 1070 5959 solemnitatum.
1122 5896 1245 5952 baturin
1262 5892 1418 5948 bethlehem
1437 5905 1500 5944 eum
1525 5885 1611 5941 Paula
1624 5892 1652 5939 et
1670 5877 1839 5941 Eustochio:
1864 5893 1911 5931 or-

282 5990 341 6047 Aiia
357 5993 431 6051 enim
447 5995 868 6068 cantanturiopnadragrsima,
884 5993 936 6053 elia
962 5991 989 6051 in
1017 5993 1072 6050 nd·
1122 5988 1227 6046 dinavit
1241 5989 1331 6059 itaque
1356 5986 1487 6057 psalmos,
1506 5980 1635 6052 epistolas
1660 5985 1687 6033 et
1710 5971 1860 6044 evnvrgciia,
1883 5978 1911 6025 et
