4350 6709
205 639 261 700 ms
795 598 1223 685 nvsronttsumeunstuu.
1771 595 1831 676 ‘suo

208 761 315 819 scilicet
336 758 371 813 ll.
385 757 522 812 llohertus
537 754 570 810 de
582 753 731 818 Corceone,
748 749 774 804 in
801 749 923 821 partibus
946 746 997 801 Po
1009 749 1033 804 Α
1046 742 1143 797 modas
1159 755 1263 812 guerrae
1275 741 1464 808 necessitates,
1479 741 1516 796 ibi
1531 749 1638 810 poterat
1654 738 1743 797 facere
1758 741 1831 797 mul-

208 851 353 907 diensibus
388 845 552 918 quibusdam
591 849 652 897 erat
683 838 799 909 negotiis
835 844 994 906 occupatus.
1046 834 1832 908 tosdies.dictampuellamduxitseeuntCarcassonan13

210 931 997 1009 ilroliciscentesqueallontepessulano,venimusprope
1047 926 1140 996 ibique
1162 925 1273 982 fuerunt
1292 931 1394 999 nuptiae
1418 931 1570 986 celebratae.
1594 931 1734 1005 Peregrini
1756 951 1832 1003 sero,
1898 996 1904 1011 .

209 1034 337 1091 biterrim
351 1034 384 1086 ad
398 1039 518 1086 castrum
537 1026 566 1082 S.
579 1025 698 1092 Tiberii;
713 1025 806 1098 ibique
821 1021 939 1079 occurrit
950 1037 998 1075 no-
1046 1021 1093 1091 qui
1104 1022 1161 1092 jam
1177 1024 1222 1097 diu
1235 1040 1250 1078 a
1264 1023 1434 1081 Carcassona
1458 1027 1593 1095 exierant,
1614 1042 1641 1084 et
1653 1029 1709 1100 jam
1725 1032 1833 1103 episco-

211 1128 369 1186 bisnobilis
383 1139 476 1180 comes
490 1120 671 1178 blontisfortis
685 1139 691 1175 :
704 1134 816 1174 eramus
830 1125 996 1183 autem,tam
1047 1125 1139 1183 patum
1167 1115 1334 1172 intraverant
1349 1118 1570 1187 cadurcensem,
1598 1130 1686 1178 terras
1712 1123 1834 1181 bostium

209 1223 319 1291 equites
331 1233 414 1289 quam
433 1216 550 1287 pedites,
564 1216 673 1271 circiter
685 1221 795 1267 centum
812 1210 897 1265 miliia
920 1223 998 1280 pere·
1047 1206 1119 1273 fidei,
1141 1224 1203 1278 quae
1227 1208 1326 1264 timore
1350 1226 1444 1266 eorum
1467 1221 1546 1267 erant
1570 1213 1707 1270 derelictae
1731 1232 1835 1284 racuae,

210 1314 295 1387 grini,
310 1314 381 1367 inter
397 1325 469 1381 quos
484 1325 556 1363 unus
571 1309 604 1363 de
617 1306 750 1361 militibus
762 1310 822 1359 erat
844 1303 997 1359 vicecomes
1047 1309 1233 1355 vastaverunt.
1261 1300 1317 1358 Nec
1340 1303 1559 1370 praetereundum
1591 1315 1633 1361 est
1658 1309 1749 1378 quod,
1771 1325 1837 1368 cum

210 1406 296 1461 castri
312 1402 460 1467 Dunensis,
482 1400 628 1471 pluresque
648 1397 693 1451 alii
717 1396 827 1460 milites,
849 1377 919 1464 quvis
942 1408 997 1447 non
1047 1391 1229 1448 transiremus
1252 1410 1300 1462 per
1325 1395 1510 1466 episcopatum
1536 1397 1733 1467 liutenensem,
1756 1405 1835 1460 reni-

211 1508 255 1554 est
277 1513 348 1568 opus
365 1512 413 1565 per
435 1493 560 1563 singulos
585 1507 742 1546 numerare.
757 1487 998 1557 Progredientesa
1048 1500 1111 1539 mus
1126 1486 1159 1540 ad
1183 1486 1319 1555 quoddam
1340 1496 1472 1556 castrum,
1493 1492 1565 1560 quod
1582 1491 1771 1552 blauriliacum
1786 1514 1836 1555 vu·

214 1591 339 1661 partibus
352 1585 555 1641 biterrensibus
575 1583 700 1638 venimus
722 1583 933 1645 carcassonam,
950 1577 999 1632 ibi·
1048 1587 1140 1642 catur;
1162 1578 1199 1632 illi
1224 1588 1315 1633 autem
1334 1578 1368 1634 de
1390 1591 1481 1636 castro
1506 1583 1652 1641 voluerunt
1667 1588 1746 1644 nobis
1767 1589 1837 1648 resi·

212 1698 267 1753 que
291 1680 407 1736 fecimus
426 1693 529 1749 paucos
554 1676 624 1732 dies.
648 1675 811 1731 Notabiliter
834 1682 925 1729 autem
951 1687 1001 1727 rto·
1048 1678 1130 1734 stere,
1151 1670 1215 1738 quia
1229 1670 1305 1725 mirae
1319 1670 1487 1754 fortitudinis
1504 1686 1562 1729 erat
1577 1690 1697 1733 castrum
1712 1689 1740 1736 et
1759 1682 1837 1752 peni·

212 1775 329 1829 tandmn
345 1781 396 1836 est,
409 1779 436 1825 et
452 1787 502 1841 pro
518 1770 652 1825 miraculo
671 1770 718 1824 illo
734 1777 777 1824 est
799 1766 941 1823 habendus
960 1773 1001 1819 to·
1048 1769 1094 1816 tus
1118 1761 1317 1828 inaccessibile.
1343 1762 1407 1820 Erat
1434 1774 1525 1821 autern
1542 1768 1573 1823 in
1596 1773 1717 1829 exercitu
1742 1786 1837 1831 nostro

212 1874 257 1920 tus
274 1865 347 1918 illius
361 1863 425 1917 anni
437 1871 562 1926 eventus,
576 1861 647 1916 sicut
659 1861 877 1932 supradiximus3
889 1857 1000 1929 quando
1049 1858 1180 1927 magister
1204 1856 1341 1915 liebertus
1366 1861 1399 1916 de
1424 1861 1564 1920 Corceone
1588 1869 1745 1936 apostolieae
1763 1873 1838 1928 sedis

212 1958 290 2012 venit
316 1971 398 2025 supra
428 1963 596 2010 memoratus
621 1952 719 2008 Petrus
745 1951 952 2006 Beneventanus
972 1949 998 2003 in
1049 1949 1166 2019 legatus,
1194 1950 1228 2006 de
1248 1966 1303 2022 quo
1326 1967 1408 2023 supra
1436 1955 1588 2025 tetigimus,
1608 1960 1656 2029 qui
1680 1964 1838 2033 nuperrimo

212 2057 317 2104 terram
341 2047 527 2118 Albigensem,
545 2046 760 2117 Arragonenses,
784 2043 1000 2100 datltalonenses
1050 2050 1162 2096 venerat
1181 2044 1339 2113 apartibus
1363 2044 1530 2108 Gallicanis:
1548 2065 1611 2105 mox
1634 2056 1722 2110 nostri
1743 2057 1770 2112 in
1786 2074 1838 2116 suo

211 2151 294 2197 erant
314 2139 450 2195 Narbonae
471 2139 629 2211 congregati
645 2149 739 2194 cotum
763 2136 999 2192 christianitatem
1051 2134 1168 2189 adventu
1192 2149 1365 2193 accesserunt
1381 2139 1415 2194 ad
1438 2151 1560 2198 castrum
1580 2152 1608 2200 et
1631 2159 1771 2219 eoepetunt
1789 2151 1840 2206 bo·

212 2244 241 2289 et
259 2235 388 2289 comitem
414 2232 604 2300 llontisfortis,
620 2241 648 2287 et
662 2233 714 2287 bac
731 2232 765 2286 de
779 2246 862 2286 causa
876 2249 884 2284 ι
909 2242 1001 2285 comes
1051 2237 1107 2283 stes
1121 2242 1186 2282 suos
1200 2229 1301 2284 acriter
1312 2231 1482 2303 impugnare.
1498 2233 1627 2293 Videntcs
1640 2240 1678 2295 illi
1691 2242 1725 2297 de
1735 2254 1837 2313 castro,

213 2337 310 2384 noster
333 2337 392 2382 crat
424 2343 508 2399 prope
539 2325 706 2392 narbonam,
727 2340 778 2381 nec
802 2339 874 2394 sepe
895 2327 1003 2392 poterat
1051 2319 1124 2388 quod
1141 2320 1259 2389 amplios
1282 2322 1410 2378 resistere
1431 2340 1485 2380 non
1511 2328 1642 2396 valerent,
1665 2333 1841 2395 reddiderunt

213 2421 353 2491 elongare,
373 2421 439 2490 quin
457 2420 549 2474 bostes
573 2419 666 2474 statim
686 2427 770 2471 totam
794 2424 894 2471 terram
913 2413 939 2467 in
951 2409 1003 2468 eir'·
1052 2424 1083 2464 se
1098 2410 1156 2479 ipsa
1169 2411 1213 2464 die
1224 2411 1325 2482 legato,
1339 2415 1373 2469 ad
1387 2415 1474 2486 ipsios
1489 2434 1536 2489 per
1547 2422 1639 2478 onmia
1653 2426 1839 2498 voluntatem

213 2513 293 2568 cuitu
307 2512 493 2566 devastarent.
512 2510 564 2566 Sed
580 2520 607 2565 et
622 2509 762 2576 Tolosani,
782 2517 810 2564 et
830 2509 1004 2578 Arragonen·
1052 2502 1141 2557 nostri
1154 2518 1227 2563 >vero
1246 2504 1280 2559 de
1300 2507 1441 2564 voluntate
1464 2509 1556 2580 legati,
1584 2526 1705 2573 castrum
1730 2522 1840 2590 penitus

214 2620 261 2660 ses
277 2611 305 2659 et
319 2602 510 2659 Cadurcenses
526 2621 541 2658 a
556 2604 670 2659 remotis
685 2603 809 2672 partibus
820 2601 966 2656 movebant
976 2595 1003 2652 ei
1052 2594 1257 2653 destruxerunt.

214 2712 331 2768 guerras
354 2696 470 2751 multum
494 2711 601 2767 graves.
618 2695 688 2749 llum
705 2696 733 2749 in
751 2694 804 2749 bac
824 2693 1004 2749 tribulatione
1087 2686 1144 2745 Nee
1158 2691 1293 2747 silendum
1306 2693 1380 2764 quod
1394 2694 1432 2750 ibi
1447 2695 1602 2756 invenimus
1617 2711 1719 2772 septem
1732 2704 1842 2763 lsaeresi.

213 2799 290 2844 esset
303 2790 405 2844 athleta
426 2789 542 2856 Christi,
556 2804 609 2843 non
622 2787 709 2843 defuit
719 2788 828 2858 adjutor
854 2787 880 2841 in
905 2803 1004 2858 oppor·
1053 2798 1102 2839 cos
1127 2785 1161 2838 tle
1181 2796 1256 2841 secta
1272 2785 1317 2841 illa
1333 2803 1394 2858 quae
1414 2788 1602 2848 Waldeusium
1627 2793 1778 2864 dicebatur,
1793 2802 1841 2870 qui

214 2879 392 2944 tunimtihus,
404 2879 430 2933 in
446 2878 624 2933 tribulatione
636 2877 725 2949 (Psoi.
739 2879 789 2947 rs),
807 2879 834 2932 in
847 2893 904 2932 uno
917 2878 1004 2948 siqui·
1053 2877 1089 2931 sd
1109 2876 1227 2948 legatum
1250 2879 1370 2947 adducti,
1393 2896 1472 2936 suam
1491 2883 1709 2943 incredulitatem
1734 2889 1843 2960 plenius

215 2972 280 3026 dem
294 2972 427 3027 eteoclem
441 2974 571 3043 temporis
583 2973 757 3042 spatiorenit
780 2972 911 3042 legatusa
926 2971 1004 3026 curia
1054 2976 1119 3023 sunt
1144 2969 1288 3027 confessi:
1313 2988 1383 3043 quos
1410 2976 1497 3032 nostri
1520 2977 1684 3049 arripientes
1705 2986 1843 3055 peregrini

219 3062 356 3132 Romana,
380 3074 512 3120 venerunt
533 3064 681 3119 afrancia
699 3063 846 3135 peregrini.
867 3061 1004 3134 Omagna
1052 3075 1116 3115 curu
1140 3061 1242 3132 ingenti
1258 3064 1358 3134 gaudio
1377 3066 1598 3126 combusserunt.
1612 3070 1678 3129 Post
1697 3073 1754 3132 baec
1770 3093 1843 3132 nun·

216 3157 365 3212 rnrvltitudo
390 3157 587 3212 misericordiae
611 3155 671 3220 bei,
693 3171 745 3210 nec
766 3154 839 3209 enirn
857 3154 1003 3224 peregrini,
1053 3153 1151 3212 tiatum
1162 3164 1205 3209 cst
1214 3157 1309 3211 comiti
1321 3170 1415 3214 nostro
1429 3161 1502 3231 quod
1516 3164 1626 3232 quidam
1644 3167 1744 3222 milites
1756 3170 1843 3240 Agin·

216 3249 290 3303 sicut
314 3249 408 3303 multis
429 3249 517 3304 visum
533 3259 584 3315 est,
608 3249 667 3304 sine
684 3248 890 3320 legatoaliquid
912 3247 1004 3316 magni
1053 3260 1164 3311 nenses,
1179 3246 1226 3316 qui
1243 3249 1406 3317 precedenti
1426 3267 1500 3307 anno
1520 3254 1555 3309 ab
1577 3256 1638 3325 ejus
1660 3258 1783 3315 dominio
1797 3276 1843 3318 re-

216 3341 359 3409 fecissent,
386 3358 436 3397 nec
457 3343 563 3414 legatus
592 3343 652 3398 sine
679 3342 831 3413 peregrinis
853 3342 921 3397 adeo
945 3355 1005 3410 pro·
1053 3348 1204 3407 cesserant,
1227 3351 1347 3396 castrum
1371 3345 1509 3414 quoddam
1529 3350 1695 3418 munierant,
1717 3356 1832 3423 quoddi

217 3432 346 3499 fecisset;
361 3435 383 3489 si
402 3435 474 3489 enim
490 3437 584 3490 bostes
597 3435 660 3489 fidei
677 3451 731 3489 non
746 3436 874 3490 timerent
885 3433 1039 3505 peregri-c
1054 3432 1127 3485 citur
1140 3430 1336 3502 bfonspisatus.
1355 3433 1425 3501 Quid
1441 3437 1538 3507 plura?
1550 3443 1718 3497 accessimus
1731 3445 1764 3498 ad
1775 3445 1843 3502 illud

217 3542 282 3592 trus,
300 3541 355 3579 non
369 3526 528 3581 obedissent
543 3526 649 3597 legato;
663 3540 761 3580 rursus
775 3524 798 3581 si
819 3540 874 3580 non
885 3525 1006 3579 venisset
1055 3524 1255 3592 obsidendum;
1274 3531 1417 3597 prenotati
1433 3547 1498 3586 vero
1512 3534 1613 3590 milites
1629 3537 1663 3592 tle
1675 3536 1843 3609 liontepisa·

217 3619 336 3690 legatus,
353 3619 491 3690 peregrini
513 3620 560 3689 qui
579 3629 644 3675 tunc
659 3627 803 3684 venerunt,
817 3627 912 3672 contra
926 3624 965 3671 tot
978 3624 1006 3671 et
1055 3623 1094 3680 to,
1117 3616 1259 3673 audientes
1283 3620 1430 3678 adrentum
1455 3627 1719 3699 crucesignatorum,
1745 3633 1844 3690 tiuvore

217 3723 309 3767 tantos
325 3712 418 3767 bostcs
433 3728 529 3782 parum
544 3711 675 3781 prolicere
686 3708 849 3781 potuissent.
866 3708 927 3779 Egit
940 3723 1005 3780 ergo
1055 3707 1130 3763 ducti
1144 3708 1282 3781 fugerunt,
1299 3724 1420 3769 castrum
1432 3732 1548 3772 vacuum
1560 3719 1738 3789 dimittentes,
1754 3727 1844 3782 uostri

217 3805 436 3859 misericorditer
450 3804 541 3858 divina
558 3804 753 3874 dispositio,ut
764 3803 829 3858 dum
843 3803 948 3873 legatos
959 3803 1007 3857 bo·
1054 3815 1121 3856 vero
1141 3802 1281 3859 venientes
1294 3805 1328 3860 ad
1343 3817 1476 3875 castrum,
1491 3809 1557 3866 illud
1574 3814 1685 3882 penitus
1701 3817 1844 3874 destruxe-

217 3906 275 3952 stes
288 3895 415 3965 bdei,qui
429 3895 563 3950 Narbone
573 3907 651 3950 erant
665 3896 835 3967 congregati,
847 3895 969 3950 alliceret
978 3904 1006 3951 et
1055 3901 1130 3947 runt.
1147 3890 1259 3950 blesens
1281 3911 1374 3952 cotnes
1398 3906 1492 3954 noster
1513 3900 1737 3974 allontepisato,
1761 3908 1845 3979 coepit

218 4003 408 4059 compesceret
420 3989 517 4045 fraude
531 3990 587 4060 pia,
603 4006 696 4046 comes
708 3989 891 4046 hlontisfortis
903 4001 929 4043 et
948 4003 1007 4059 per·

218 4085 308 4154 egrini
325 4085 373 4154 qui
388 4093 547 4139 venerante
564 4083 691 4161 Francia,
713 4094 826 4154 possent
837 4083 955 4138 transire
971 4082 1005 4135 atl

218 4189 312 4250 partes
333 4177 526 4234 Cadurcenses
547 4187 575 4234 et
588 4179 771 4249 hginnenses,
794 4187 821 4233 ct
847 4193 923 4242 suos,
950 4177 1006 4232 imo

217 4271 334 4336 Christi,
360 4272 520 4341 impugnare
548 4271 687 4327 inimicos.
711 4268 829 4342 Olegati
846 4269 922 4325 fraus
939 4269 1004 4339 pia!

217 4366 341 4436 (lpietas
355 4362 542 4419 fraudulenta!

484 4498 598 4556 CAPUT
617 4501 736 4558 lxxix,

219 4610 308 4666 Cnido
326 4611 359 4666 dc
374 4610 529 4682 Monteforti
547 4624 572 4666 et
594 4614 724 4682 peregrini
745 4622 829 4668 terras
858 4612 960 4668 llotcrii
975 4613 1007 4667 de

366 4682 529 4738 Covtvooouo
539 4685 665 4737 inuadunt
674 4694 699 4738 ct
713 4686 862 4739 decurtarat.

1056 3982 1172 4041 ulterius
1188 3988 1313 4057 progredi
1334 4003 1382 4059 per
1402 3991 1589 4063 episcopatum
1610 3995 1794 4067 Aginneusem
1814 4013 1844 4058 ut

1056 4086 1145 4133 castra
1161 4093 1222 4147 quae
1236 4081 1398 4149 precedenti
1421 4099 1494 4138 anno
1512 4101 1527 4140 a
1550 4103 1601 4142 suo
1616 4089 1739 4145 dominio
1750 4108 1844 4151 reces-

1056 4180 1150 4225 serant
1161 4180 1309 4241 0ccuparet
1325 4191 1332 4228 :
1350 4188 1446 4230 omnes
1467 4188 1557 4233 autem
1580 4181 1729 4237 adversarii
1746 4185 1845 4241 timore

1057 4262 1143 4330 ducti,
1160 4274 1307 4333 antequam
1329 4282 1422 4323 comes
1445 4270 1586 4326 accederet
1600 4274 1633 4327 ad
1651 4290 1698 4329 eos
1718 4277 1844 4334 reddide-

1056 4366 1122 4410 runt
1134 4371 1164 4411 se
1175 4356 1224 4417 titt.
1239 4359 1483 4430 praeterquoddam
1499 4364 1591 4419 nobile
1601 4367 1673 4435 quod
1687 4368 1845 4429 liavmanda

1057 4459 1179 4504 vocatur.
1202 4447 1302 4505 Comes
1328 4460 1419 4506 autem
1440 4453 1476 4508 ob
1503 4456 1636 4526 majorem
1658 4465 1844 4530 securitatem,

1057 4557 1093 4598 ne
1118 4543 1216 4597 iterum
1242 4553 1430 4614 apostatarent
1454 4549 1526 4604 sicut
1550 4564 1760 4622 consueverant,
1788 4557 1846 4612 l'ere

1058 4650 1154 4690 omnes
1166 4646 1254 4691 turres
1267 4645 1293 4691 et
1310 4652 1404 4692 muros
1419 4639 1491 4695 dirui
1506 4640 1630 4710 faciebat,
1644 4630 1765 4716 exceptis
1778 4665 1848 4719 pau·

1057 4726 1098 4779 cis
1110 4725 1143 4779 de
1163 4724 1324 4780 fortioribus
1339 4729 1449 4791 castris,
1470 4746 1531 4801 quae
1547 4732 1604 4801 ipse
1620 4745 1673 4788 tam
1695 4738 1747 4793 sibi
1762 4748 1844 4809 quatu

253 4824 324 4878 Com
342 4822 472 4880 fecissent
491 4823 638 4891 supradicti
661 4824 796 4895 peregrini
821 4839 925 4895 paucos
947 4823 1007 4878 dies
1021 4795 1044 4850 ⁰
1058 4815 1237 4886 francigenis
1250 4819 1356 4873 munire
1367 4821 1454 4877 voluit
1468 4831 1495 4876 et
1507 4832 1608 4880 tenere.
1622 4824 1739 4885 Veniens
1752 4848 1847 4890 coruos

217 4916 417 4981 Cart-assotum,
445 4916 546 4970 nobilis
573 4931 666 4969 comes
688 4915 868 4972 blontisfurtis
902 4918 1006 4988 rogarit
1058 4909 1286 4964 ³d0bsidt¹¹i¹¹¹ffl
1313 4920 1433 4967 castium
1454 4913 1630 4982 llarmandre,
1653 4920 1757 4977 invenit
1780 4925 1846 4981 illud

218 5026 279 5075 eos,
295 5019 326 5064 ut
337 5025 399 5066 cum
411 5009 541 5080 episcopo
555 5006 766 5064 Carcassonensi
787 5021 814 5065 et
834 5010 959 5066 Guidone
974 5011 1008 5067 dc
1057 5009 1154 5055 cmliii
1176 5015 1205 5054 ⁸⁰
1221 5002 1355 5057 ¹¹¹¹¹¹¹i¹⁰¹¹¹
1371 5021 1378 5057 ²
1396 5005 1473 5061 ”isses
1487 5009 1559 5063 enim
1576 5011 1688 5080 quidam
1704 5017 1777 5087 tellit
1790 5018 1847 5073 Att-

219 5101 379 5158 liontefurti
402 5102 485 5157 fratre
498 5117 627 5173 germano
640 5101 726 5172 ipsius
738 5104 855 5170 comitis,
869 5105 902 5160 ad
917 5116 1008 5176 partes
1058 5092 1128 5163 tilioe·
1153 5093 1285 5162 (Ιῑῑθὸῑ12111
1311 5095 1461 5153 scillini&
1484 5097 1511 5153 5¹¹
1537 5110 1658 5157 milium
1684 5106 1845 5173 adduxerat,

219 5193 394 5250 Ruteuenses
414 5195 586 5260 accederent,
608 5203 635 5249 et
658 5195 740 5249 etiam
755 5195 955 5264 Cadurcenscs,
976 5206 1008 5253 ut
1058 5184 1244 5255 velillum‘1¹¹0
1261 5202 1342 5241 ⁸⁰⁰¹ss
1365 5188 1392 5242 5¹¹
1417 5192 1574 5248 summm
1598 5197 1682 5251 casiri
1705 5212 1845 5266 imiimi·

219 5298 309 5344 terras
319 5295 375 5341 tam
392 5285 493 5340 linterii
506 5285 540 5341 de
551 5285 731 5352 Castronovo,
745 5286 791 5356 qui
807 5287 1007 5343 nobilissimum

219 5390 246 5437 et
258 5378 526 5436 christianissimum
540 5379 667 5435 comitem
694 5377 858 5433 baldoinum
874 5381 1008 5436 crudelis-

219 5476 290 5531 sime
304 5473 471 5545 prndiderat,
483 5488 566 5542 qoam
578 5474 694 5529 aliorum
709 5473 831 5527 hostium
846 5472 947 5529 Christi
960 5489 1008 5544 po-

218 5568 296 5622 nitus
314 5564 500 5620 devastarent.
526 5561 585 5633 lpse
600 5579 666 5619 uero
683 5577 788 5629 comes,
812 5578 874 5618 eum
889 5580 940 5619 son
953 5567 1009 5635 pri·
1030 5596 1032 5601 ·

219 5657 360 5725 mogenito
373 5655 522 5722 bimarico,
536 5654 675 5712 deseendit
689 5671 776 5726 usque
789 5653 953 5723 Valentiam,
970 5658 1010 5712 in·

218 5749 350 5821 venitque
364 5749 401 5804 ihi
417 5749 514 5804 ducem
530 5745 695 5821 Burgundiae
718 5758 746 5804 et
759 5749 935 5820 delphinum3
957 5749 1007 5804 ba·

219 5841 335 5914 bitoque
351 5857 433 5913 super
448 5840 560 5912 praefato
584 5842 761 5897 matrimonio
786 5842 901 5898 consilio
919 5850 947 5897 et
965 5856 1031 5896 ass-¹·

220 5951 318 6001 sessu,
341 5949 434 5991 comes
454 5943 556 6000 noster,
572 5935 636 6005 quia
660 5949 716 5990 non
740 5943 799 5990 erat
818 5944 925 6005 tempus
940 5950 1009 5990 con-

217 6040 321 6098 gruum
340 6025 374 6083 ad
385 6024 614 6094 contrabendum,
629 6038 681 6081 nee
693 6025 762 6096 ipse,
786 6033 897 6100 propter
915 6023 1009 6081 multi·

1059 5287 1089 5332 ut
1105 5288 1225 5333 castrum
1242 5279 1399 5336 defenderet
1415 5293 1510 5340 contra
1531 5301 1655 5356 nostros;
1673 5291 1731 5357 sed,
1748 5307 1848 5363 appro-

1059 5371 1257 5440 pinquantibus
1283 5374 1387 5429 nostris
1421 5385 1448 5430 et
1471 5378 1498 5431 iu
1523 5379 1582 5448 ipso
1602 5380 1721 5438 adventu
1742 5398 1794 5440 suo
1808 5385 1845 5440 ad

1059 5478 1155 5518 muros
1170 5463 1374 5533 accedentibus,
1391 5477 1452 5538 post
1463 5472 1599 5527 modicam
1611 5473 1798 5534 defensionem
1811 5478 1848 5535 de

1059 5565 1151 5611 castro
1167 5555 1261 5626 fugere
1280 5569 1430 5628 coeperunt,
1445 5562 1661 5634 recipientesque
1676 5583 1705 5622 se
1720 5569 1748 5624 io
1768 5573 1847 5627 navi-

1059 5650 1112 5703 bus
1126 5664 1174 5718 per
1193 5648 1359 5706 Garumnam
1372 5652 1482 5708 brivium
1499 5655 1623 5712 celeriter
1646 5660 1846 5722 descendebant

1059 5742 1094 5797 ad
1108 5742 1242 5812 quoddam
1257 5753 1377 5800 castrum
1389 5746 1543 5815 proximum
1560 5751 1631 5821 regis
1643 5753 1757 5826 tlrtgliae,
1771 5743 1857 5829 qood

1060 5834 1163 5907 Regula
1186 5836 1346 5894 dicebatur:
1370 5840 1521 5898 servientes
1546 5859 1610 5901 vero
1632 5850 1705 5921 regis
1729 5852 1845 5924 Angliae,

1060 5929 1108 5998 qui
1128 5931 1161 5985 ad
1181 5929 1369 5987 defensionem
1392 5933 1475 5989 castri
1489 5947 1630 6006 venerant,
1646 5955 1676 5997 se
1690 5941 1718 5997 in
1731 5953 1791 6001 tttto
1802 5961 1847 6005 re·

1059 6031 1201 6092 ceperunt.
1217 6021 1309 6081 Nostri
1330 6039 1395 6084 rere
1411 6026 1544 6086 intrantes
1566 6041 1702 6098 meum,
1719 6036 1794 6098 bons
1812 6038 1849 6098 il·
1868 6031 1870 6034 ’
