<?xml version="1.0" encoding="UTF-8"?>
<!DOCTYPE html PUBLIC "-//W3C//DTD XHTML 1.0 Transitional//EN"
    "http://www.w3.org/TR/xhtml1/DTD/xhtml1-transitional.dtd">
<html xmlns="http://www.w3.org/1999/xhtml" xml:lang="en" lang="en">
 <head>
  <title>
</title>
<meta http-equiv="Content-Type" content="text/html;charset=utf-8" />
  <meta name='ocr-system' content='tesseract 3.04.00' />
  <meta name='ocr-capabilities' content='ocr_page ocr_carea ocr_par ocr_line ocrx_word'/>
</head>
<body>
  <div class='ocr_page' id='page_1' title='image "./patrologiaecurs78unkngoog/patrologiaecurs78unkngoog_0021.png"; bbox 0 0 4350 6709; ppageno 0'>
   <div class='ocr_carea' id='block_1_1' title="bbox 287 512 1917 597">
    <p class='ocr_par' dir='ltr' id='par_1_1' title="bbox 287 512 1917 597">
     <span class='ocr_line' id='line_1_1' title="bbox 287 512 1917 597; baseline 0.02 -43"><span class='ocrx_word' id='word_1_1' title='bbox 287 512 323 570; x_wconf 55' lang='grc' dir='ltr'><strong>ῃ</strong></span> <span class='ocrx_word' id='word_1_2' title='bbox 921 514 1086 572; x_wconf 80' lang='lat' dir='ltr'>struite.</span> <span class='ocrx_word' id='word_1_3' title='bbox 1106 548 1142 558; x_wconf 92' lang='grc'>-</span> <span class='ocrx_word' id='word_1_4' title='bbox 1159 518 1225 576; x_wconf 85' lang='lat' dir='ltr'>urs.</span> <span class='ocrx_word' id='word_1_5' title='bbox 1243 517 1265 576; x_wconf 88' lang='lat' dir='ltr'>r.</span> <span class='ocrx_word' id='word_1_6' title='bbox 1880 540 1917 597; x_wconf 72' lang='lat' dir='ltr'>ss</span> 
     </span>
    </p>
   </div>
   <div class='ocr_carea' id='block_1_2' title="bbox 225 627 1924 5433">
    <p class='ocr_par' dir='ltr' id='par_1_2' title="bbox 225 627 1924 5433">
     <span class='ocr_line' id='line_1_2' title="bbox 289 627 1918 720; baseline 0.014 -35"><span class='ocrx_word' id='word_1_7' title='bbox 289 630 365 685; x_wconf 87' lang='lat' dir='ltr'>torio</span> <span class='ocrx_word' id='word_1_8' title='bbox 379 627 567 693; x_wconf 64' lang='lat' dir='ltr'>habitamusl,</span> <span class='ocrx_word' id='word_1_9' title='bbox 579 632 694 698; x_wconf 77' lang='lat' dir='ltr'>proque</span> <span class='ocrx_word' id='word_1_10' title='bbox 704 628 831 684; x_wconf 78' lang='lat' dir='ltr'>Cliristns</span> <span class='ocrx_word' id='word_1_11' title='bbox 844 638 914 694; x_wconf 92' lang='lat' dir='ltr'>orat,</span> <span class='ocrx_word' id='word_1_12' title='bbox 924 640 953 685; x_wconf 91' lang='grc' dir='ltr'>ει</span> <span class='ocrx_word' id='word_1_13' title='bbox 963 641 1039 687; x_wconf 78' lang='lat' dir='ltr'>stans</span> <span class='ocrx_word' id='word_1_14' title='bbox 1054 632 1082 687; x_wconf 93' lang='lat' dir='ltr'>in</span> <span class='ocrx_word' id='word_1_15' title='bbox 1098 643 1122 697; x_wconf 75' lang='grc' dir='ltr'>Λ</span> <span class='ocrx_word' id='word_1_16' title='bbox 1136 643 1231 690; x_wconf 88' lang='lat' dir='ltr'>sancta</span> <span class='ocrx_word' id='word_1_17' title='bbox 1252 632 1386 692; x_wconf 81' lang='lat' dir='ltr'>Trinitate</span> <span class='ocrx_word' id='word_1_18' title='bbox 1411 641 1511 696; x_wconf 88' lang='lat' dir='ltr'>vestris</span> <span class='ocrx_word' id='word_1_19' title='bbox 1531 642 1702 702; x_wconf 87' lang='lat' dir='ltr'>orationibus</span> <span class='ocrx_word' id='word_1_20' title='bbox 1732 647 1918 720; x_wconf 74' lang='lat' dir='ltr'>impetrastis,</span> 
     </span>
     <span class='ocr_line' id='line_1_3' title="bbox 286 716 1921 809; baseline 0.015 -34"><span class='ocrx_word' id='word_1_21' title='bbox 286 721 383 775; x_wconf 86' lang='lat' dir='ltr'>medio</span> <span class='ocrx_word' id='word_1_22' title='bbox 399 718 623 774; x_wconf 77' lang='lat' dir='ltr'>selutmediator</span> <span class='ocrx_word' id='word_1_23' title='bbox 639 716 1081 792; x_wconf 83' lang='lat' dir='ltr'>pronoblsDeuniPatremquo·</span> <span class='ocrx_word' id='word_1_24' title='bbox 1135 733 1229 792; x_wconf 88' lang='lat' dir='ltr'>postea</span> <span class='ocrx_word' id='word_1_25' title='bbox 1255 740 1321 780; x_wconf 85' lang='lat' dir='ltr'>sero</span> <span class='ocrx_word' id='word_1_26' title='bbox 1350 727 1474 798; x_wconf 76' lang='lat' dir='ltr'><strong>reliquiae</strong></span> <span class='ocrx_word' id='word_1_27' title='bbox 1508 731 1534 786; x_wconf 90' lang='lat' dir='ltr'>in</span> <span class='ocrx_word' id='word_1_28' title='bbox 1563 734 1689 803; x_wconf 85' lang='lat' dir='ltr'>sepulcro</span> <span class='ocrx_word' id='word_1_29' title='bbox 1713 736 1866 809; x_wconf 68' lang='lat' dir='ltr'>sigillantur</span> <span class='ocrx_word' id='word_1_30' title='bbox 1891 753 1921 800; x_wconf 82' lang='lat' dir='ltr'>ct</span> 
     </span>
     <span class='ocr_line' id='line_1_4' title="bbox 288 810 1919 889; baseline 0.013 -22"><span class='ocrx_word' id='word_1_31' title='bbox 288 813 357 867; x_wconf 85' lang='lat' dir='ltr'>tidie</span> <span class='ocrx_word' id='word_1_32' title='bbox 372 810 558 880; x_wconf 75' lang='lat' dir='ltr'>interpellat⁵‚</span> <span class='ocrx_word' id='word_1_33' title='bbox 1132 815 1232 872; x_wconf 82' lang='lat' dir='ltr'>unimae</span> <span class='ocrx_word' id='word_1_34' title='bbox 1245 817 1272 872; x_wconf 91' lang='lat' dir='ltr'>in</span> <span class='ocrx_word' id='word_1_35' title='bbox 1289 818 1449 877; x_wconf 76' lang='lat' dir='ltr'>coelestibus</span> <span class='ocrx_word' id='word_1_36' title='bbox 1461 823 1640 880; x_wconf 73' lang='lat' dir='ltr'>collocantur,</span> <span class='ocrx_word' id='word_1_37' title='bbox 1654 825 1732 884; x_wconf 88' lang='lat' dir='ltr'>Unde</span> <span class='ocrx_word' id='word_1_38' title='bbox 1748 832 1919 889; x_wconf 88' lang='lat' dir='ltr'>rationabili-</span> 
     </span>
     <span class='ocr_line' id='line_1_5' title="bbox 323 903 1920 992; baseline 0.014 -34"><span class='ocrx_word' id='word_1_39' title='bbox 323 904 430 959; x_wconf 82' lang='lat' dir='ltr'>ileinrle</span> <span class='ocrx_word' id='word_1_40' title='bbox 442 903 533 958; x_wconf 85' lang='lat' dir='ltr'>tundit</span> <span class='ocrx_word' id='word_1_41' title='bbox 549 919 649 975; x_wconf 80' lang='lat' dir='ltr'>aqiram</span> <span class='ocrx_word' id='word_1_42' title='bbox 665 905 701 959; x_wconf 91' lang='lat' dir='ltr'>ad</span> <span class='ocrx_word' id='word_1_43' title='bbox 722 905 811 961; x_wconf 84' lang='lat' dir='ltr'>basim</span> <span class='ocrx_word' id='word_1_44' title='bbox 833 906 942 972; x_wconf 88' lang='lat' dir='ltr'>altaris,</span> <span class='ocrx_word' id='word_1_45' title='bbox 963 906 1081 964; x_wconf 86' lang='lat' dir='ltr'>innuens</span> <span class='ocrx_word' id='word_1_46' title='bbox 1132 915 1174 964; x_wconf 90' lang='lat' dir='ltr'>ter</span> <span class='ocrx_word' id='word_1_47' title='bbox 1191 909 1256 965; x_wconf 91' lang='lat' dir='ltr'>dum</span> <span class='ocrx_word' id='word_1_48' title='bbox 1274 911 1326 967; x_wconf 90' lang='lat' dir='ltr'>ista</span> <span class='ocrx_word' id='word_1_49' title='bbox 1343 911 1413 968; x_wconf 82' lang='lat' dir='ltr'>suin</span> <span class='ocrx_word' id='word_1_50' title='bbox 1437 913 1495 969; x_wconf 85' lang='lat' dir='ltr'>:ln</span> <span class='ocrx_word' id='word_1_51' title='bbox 1509 917 1656 972; x_wconf 84' lang='lat' dir='ltr'>celestibus</span> <span class='ocrx_word' id='word_1_52' title='bbox 1686 923 1795 991; x_wconf 75' lang='lat' dir='ltr'>sepitis,</span> <span class='ocrx_word' id='word_1_53' title='bbox 1814 932 1880 992; x_wconf 79' lang='lat' dir='ltr'>etc,</span> <span class='ocrx_word' id='word_1_54' title='bbox 1899 940 1920 981; x_wconf 78' lang='lat' dir='ltr'>a</span> 
     </span>
     <span class='ocr_line' id='line_1_6' title="bbox 288 993 1920 1074; baseline 0.015 -25"><span class='ocrx_word' id='word_1_55' title='bbox 288 993 602 1065; x_wconf 82' lang='lat' dir='ltr'>qiuoddellierusslem</span> <span class='ocrx_word' id='word_1_56' title='bbox 619 995 682 1051; x_wconf 88' lang='lat' dir='ltr'>lons</span> <span class='ocrx_word' id='word_1_57' title='bbox 695 999 785 1068; x_wconf 91' lang='lat' dir='ltr'>erupit</span> <span class='ocrx_word' id='word_1_58' title='bbox 806 999 865 1070; x_wconf 90' lang='lat' dir='ltr'>ipse</span> <span class='ocrx_word' id='word_1_59' title='bbox 888 999 1079 1070; x_wconf 77' lang='lat' dir='ltr'>bsptismatis3</span> <span class='ocrx_word' id='word_1_60' title='bbox 1132 1002 1207 1059; x_wconf 87' lang='lat' dir='ltr'>clero</span> <span class='ocrx_word' id='word_1_61' title='bbox 1241 1015 1378 1062; x_wconf 81' lang='lat' dir='ltr'>cantetur.</span> <span class='ocrx_word' id='word_1_62' title='bbox 1402 1005 1505 1064; x_wconf 86' lang='lat' dir='ltr'>Tabula</span> <span class='ocrx_word' id='word_1_63' title='bbox 1532 1011 1680 1067; x_wconf 82' lang='lat' dir='ltr'>clurisuuste</span> <span class='ocrx_word' id='word_1_64' title='bbox 1701 1015 1861 1072; x_wconf 80' lang='lat' dir='ltr'>conllrmata</span> <span class='ocrx_word' id='word_1_65' title='bbox 1890 1027 1920 1074; x_wconf 84' lang='lat' dir='ltr'>et</span> 
     </span>
     <span class='ocr_line' id='line_1_7' title="bbox 286 1087 1919 1173; baseline 0.017 -33"><span class='ocrx_word' id='word_1_66' title='bbox 286 1089 330 1142; x_wconf 81' lang='lat' dir='ltr'>sei</span> <span class='ocrx_word' id='word_1_67' title='bbox 345 1088 523 1142; x_wconf 86' lang='lat' dir='ltr'>committens</span> <span class='ocrx_word' id='word_1_68' title='bbox 536 1087 682 1158; x_wconf 82' lang='lat' dir='ltr'>uu0,quou</span> <span class='ocrx_word' id='word_1_69' title='bbox 697 1091 724 1144; x_wconf 93' lang='lat' dir='ltr'>in</span> <span class='ocrx_word' id='word_1_70' title='bbox 739 1097 815 1145; x_wconf 90' lang='lat' dir='ltr'>tanto</span> <span class='ocrx_word' id='word_1_71' title='bbox 825 1104 997 1149; x_wconf 84' lang='lat' dir='ltr'>sacramento</span> <span class='ocrx_word' id='word_1_72' title='bbox 1008 1096 1081 1149; x_wconf 87' lang='lat' dir='ltr'>sires</span> <span class='ocrx_word' id='word_1_73' title='bbox 1131 1098 1301 1165; x_wconf 88' lang='lat' dir='ltr'>superposita</span> <span class='ocrx_word' id='word_1_74' title='bbox 1312 1137 1320 1163; x_wconf 86' lang='lat'>,</span> <span class='ocrx_word' id='word_1_75' title='bbox 1331 1107 1374 1154; x_wconf 91' lang='lat' dir='ltr'>est</span> <span class='ocrx_word' id='word_1_76' title='bbox 1393 1101 1525 1169; x_wconf 89' lang='lat' dir='ltr'>protectio</span> <span class='ocrx_word' id='word_1_77' title='bbox 1541 1101 1606 1157; x_wconf 84' lang='lat' dir='ltr'>lusu</span> <span class='ocrx_word' id='word_1_78' title='bbox 1620 1102 1723 1162; x_wconf 84' lang='lat' dir='ltr'>Christi</span> <span class='ocrx_word' id='word_1_79' title='bbox 1736 1125 1743 1173; x_wconf 89' lang='lat'><strong>;</strong></span> <span class='ocrx_word' id='word_1_80' title='bbox 1765 1109 1838 1164; x_wconf 79' lang='lat' dir='ltr'>tunde</span> <span class='ocrx_word' id='word_1_81' title='bbox 1851 1124 1919 1167; x_wconf 91' lang='lat' dir='ltr'>can·</span> 
     </span>
     <span class='ocr_line' id='line_1_8' title="bbox 287 1181 1918 1263; baseline 0.012 -27"><span class='ocrx_word' id='word_1_82' title='bbox 287 1183 430 1236; x_wconf 84' lang='lat' dir='ltr'>humanas</span> <span class='ocrx_word' id='word_1_83' title='bbox 444 1181 562 1236; x_wconf 75' lang='lat' dir='ltr'><strong>excedit.</strong></span> <span class='ocrx_word' id='word_1_84' title='bbox 579 1181 659 1248; x_wconf 77' lang='lat' dir='ltr'>Quod</span> <span class='ocrx_word' id='word_1_85' title='bbox 678 1182 765 1238; x_wconf 84' lang='lat' dir='ltr'>altare</span> <span class='ocrx_word' id='word_1_86' title='bbox 779 1193 842 1254; x_wconf 91' lang='lat' dir='ltr'>post</span> <span class='ocrx_word' id='word_1_87' title='bbox 868 1186 954 1241; x_wconf 89' lang='lat' dir='ltr'>linteo</span> <span class='ocrx_word' id='word_1_88' title='bbox 967 1189 1081 1259; x_wconf 77' lang='lat' dir='ltr'>tergitur</span> <span class='ocrx_word' id='word_1_89' title='bbox 1132 1195 1205 1243; x_wconf 75' lang='lat' dir='ltr'>tetur</span> <span class='ocrx_word' id='word_1_90' title='bbox 1221 1189 1289 1242; x_wconf 84' lang='lat' dir='ltr'>:sub</span> <span class='ocrx_word' id='word_1_91' title='bbox 1309 1188 1395 1243; x_wconf 83' lang='lat' dir='ltr'>ultore</span> <span class='ocrx_word' id='word_1_92' title='bbox 1413 1188 1463 1244; x_wconf 83' lang='lat' dir='ltr'>Dei</span> <span class='ocrx_word' id='word_1_93' title='bbox 1479 1191 1554 1246; x_wconf 83' lang='lat' dir='ltr'>sedes</span> <span class='ocrx_word' id='word_1_94' title='bbox 1574 1195 1732 1263; x_wconf 85' lang='lat' dir='ltr'>accepimus,</span> <span class='ocrx_word' id='word_1_95' title='bbox 1748 1195 1856 1253; x_wconf 81' lang='lat' dir='ltr'>lraeccst</span> <span class='ocrx_word' id='word_1_96' title='bbox 1873 1211 1918 1256; x_wconf 76' lang='lat' dir='ltr'>tc·</span> 
     </span>
     <span class='ocr_line' id='line_1_9' title="bbox 286 1280 1914 1355; baseline 0.009 -20"><span class='ocrx_word' id='word_1_97' title='bbox 286 1281 321 1335; x_wconf 78' lang='lat' dir='ltr'>sd</span> <span class='ocrx_word' id='word_1_98' title='bbox 338 1283 428 1336; x_wconf 88' lang='lat' dir='ltr'>instar</span> <span class='ocrx_word' id='word_1_99' title='bbox 439 1281 578 1352; x_wconf 78' lang='lat' dir='ltr'>passionis</span> <span class='ocrx_word' id='word_1_100' title='bbox 594 1280 707 1349; x_wconf 83' lang='lat' dir='ltr'>Christi,</span> <span class='ocrx_word' id='word_1_101' title='bbox 718 1282 848 1338; x_wconf 78' lang='lat' dir='ltr'>Ecclesiae</span> <span class='ocrx_word' id='word_1_102' title='bbox 862 1284 1005 1355; x_wconf 80' lang='lat' dir='ltr'>primitive</span> <span class='ocrx_word' id='word_1_103' title='bbox 1028 1286 1079 1341; x_wconf 87' lang='lat' dir='ltr'>tri·</span> <span class='ocrx_word' id='word_1_104' title='bbox 1130 1282 1210 1351; x_wconf 72' lang='lat' dir='ltr'>urtics</span> <span class='ocrx_word' id='word_1_105' title='bbox 1225 1283 1463 1355; x_wconf 79' lang='lat' dir='ltr'>sempiternaque</span> <span class='ocrx_word' id='word_1_106' title='bbox 1478 1286 1559 1341; x_wconf 90' lang='lat' dir='ltr'>nobis</span> <span class='ocrx_word' id='word_1_107' title='bbox 1571 1287 1656 1355; x_wconf 84' lang='lat' dir='ltr'>calce,</span> <span class='ocrx_word' id='word_1_108' title='bbox 1675 1287 1703 1343; x_wconf 92' lang='lat' dir='ltr'>id</span> <span class='ocrx_word' id='word_1_109' title='bbox 1716 1298 1759 1345; x_wconf 89' lang='lat' dir='ltr'>est</span> <span class='ocrx_word' id='word_1_110' title='bbox 1768 1289 1914 1350; x_wconf 78' lang='lat' dir='ltr'>charitatis</span> 
     </span>
     <span class='ocr_line' id='line_1_10' title="bbox 285 1375 1457 1448; baseline 0.004 -18"><span class='ocrx_word' id='word_1_111' title='bbox 285 1377 395 1431; x_wconf 90' lang='lat' dir='ltr'>bulatio</span> <span class='ocrx_word' id='word_1_112' title='bbox 423 1376 580 1446; x_wconf 63' lang='lat' dir='ltr'>mitigatum</span> <span class='ocrx_word' id='word_1_113' title='bbox 607 1392 671 1431; x_wconf 89' lang='lat' dir='ltr'>nam</span> <span class='ocrx_word' id='word_1_114' title='bbox 697 1391 746 1448; x_wconf 88' lang='lat' dir='ltr'>per</span> <span class='ocrx_word' id='word_1_115' title='bbox 772 1377 857 1432; x_wconf 93' lang='lat' dir='ltr'>linum</span> <span class='ocrx_word' id='word_1_116' title='bbox 872 1379 944 1447; x_wconf 87' lang='lat' dir='ltr'>quod</span> <span class='ocrx_word' id='word_1_117' title='bbox 958 1379 992 1434; x_wconf 92' lang='lat' dir='ltr'>de</span> <span class='ocrx_word' id='word_1_118' title='bbox 1006 1387 1079 1434; x_wconf 89' lang='lat' dir='ltr'>terra</span> <span class='ocrx_word' id='word_1_119' title='bbox 1130 1375 1244 1443; x_wconf 70' lang='lat' dir='ltr'>glutino,</span> <span class='ocrx_word' id='word_1_120' title='bbox 1258 1376 1457 1432; x_wconf 85' lang='lat' dir='ltr'>consolidetur.</span> 
     </span>
     <span class='ocr_line' id='line_1_11' title="bbox 286 1469 1614 1540; baseline 0.003 -17"><span class='ocrx_word' id='word_1_121' title='bbox 286 1470 390 1536; x_wconf 85' lang='lat' dir='ltr'>oritur,</span> <span class='ocrx_word' id='word_1_122' title='bbox 405 1478 433 1525; x_wconf 90' lang='lat' dir='ltr'>et</span> <span class='ocrx_word' id='word_1_123' title='bbox 448 1485 510 1524; x_wconf 90' lang='lat' dir='ltr'>cum</span> <span class='ocrx_word' id='word_1_124' title='bbox 528 1469 623 1525; x_wconf 91' lang='lat' dir='ltr'>labore</span> <span class='ocrx_word' id='word_1_125' title='bbox 641 1469 675 1526; x_wconf 83' lang='lat' dir='ltr'>sd</span> <span class='ocrx_word' id='word_1_126' title='bbox 689 1469 835 1526; x_wconf 88' lang='lat' dir='ltr'>candorem</span> <span class='ocrx_word' id='word_1_127' title='bbox 851 1471 982 1540; x_wconf 85' lang='lat' dir='ltr'>vertitur,</span> <span class='ocrx_word' id='word_1_128' title='bbox 999 1470 1080 1527; x_wconf 86' lang='lat' dir='ltr'>Chri·</span> <span class='ocrx_word' id='word_1_129' title='bbox 1433 1469 1549 1526; x_wconf 76' lang='lat' dir='ltr'><strong>CAPUT</strong></span> <span class='ocrx_word' id='word_1_130' title='bbox 1569 1471 1614 1527; x_wconf 76' lang='lat' dir='ltr'>ti.</span> 
     </span>
     <span class='ocr_line' id='line_1_12' title="bbox 287 1561 1639 1634; baseline 0.005 -19"><span class='ocrx_word' id='word_1_131' title='bbox 287 1570 362 1616; x_wconf 90' lang='lat' dir='ltr'>stum</span> <span class='ocrx_word' id='word_1_132' title='bbox 377 1562 540 1632; x_wconf 80' lang='lat' dir='ltr'>accipimus,</span> <span class='ocrx_word' id='word_1_133' title='bbox 557 1562 604 1632; x_wconf 78' lang='lat' dir='ltr'>qui</span> <span class='ocrx_word' id='word_1_134' title='bbox 619 1571 661 1617; x_wconf 90' lang='lat' dir='ltr'>est</span> <span class='ocrx_word' id='word_1_135' title='bbox 675 1561 709 1616; x_wconf 85' lang='lat' dir='ltr'>de</span> <span class='ocrx_word' id='word_1_136' title='bbox 722 1561 826 1631; x_wconf 77' lang='lat' dir='ltr'>virgine</span> <span class='ocrx_word' id='word_1_137' title='bbox 842 1572 923 1617; x_wconf 81' lang='lat' dir='ltr'>notris</span> <span class='ocrx_word' id='word_1_138' title='bbox 935 1562 956 1630; x_wconf 85' lang='lat'>⁸,</span> <span class='ocrx_word' id='word_1_139' title='bbox 970 1563 1017 1634; x_wconf 88' lang='lat' dir='ltr'>qui</span> <span class='ocrx_word' id='word_1_140' title='bbox 1030 1579 1079 1633; x_wconf 91' lang='lat' dir='ltr'>per</span> <span class='ocrx_word' id='word_1_141' title='bbox 1406 1578 1470 1618; x_wconf 82' lang='lat' dir='ltr'>irus</span> <span class='ocrx_word' id='word_1_142' title='bbox 1488 1581 1521 1620; x_wconf 85' lang='lat' dir='ltr'>oe</span> <span class='ocrx_word' id='word_1_143' title='bbox 1539 1581 1639 1622; x_wconf 79' lang='lat' dir='ltr'>suoru.</span> 
     </span>
     <span class='ocr_line' id='line_1_13' title="bbox 287 1652 1914 1724; baseline 0.007 -17"><span class='ocrx_word' id='word_1_144' title='bbox 287 1654 412 1708; x_wconf 87' lang='lat' dir='ltr'>laborem</span> <span class='ocrx_word' id='word_1_145' title='bbox 440 1652 579 1724; x_wconf 75' lang='lat' dir='ltr'>passionis</span> <span class='ocrx_word' id='word_1_146' title='bbox 604 1653 729 1723; x_wconf 84' lang='lat' dir='ltr'>persenit</span> <span class='ocrx_word' id='word_1_147' title='bbox 756 1654 791 1709; x_wconf 87' lang='lat' dir='ltr'>ad</span> <span class='ocrx_word' id='word_1_148' title='bbox 806 1654 936 1723; x_wconf 75' lang='lat' dir='ltr'>gaudium</span> <span class='ocrx_word' id='word_1_149' title='bbox 954 1669 1078 1711; x_wconf 88' lang='lat' dir='ltr'>resurre-</span> <span class='ocrx_word' id='word_1_150' title='bbox 1167 1652 1328 1724; x_wconf 80' lang='lat' dir='ltr'>‹Operatus</span> <span class='ocrx_word' id='word_1_151' title='bbox 1351 1664 1394 1711; x_wconf 91' lang='lat' dir='ltr'>est</span> <span class='ocrx_word' id='word_1_152' title='bbox 1408 1655 1541 1712; x_wconf 82' lang='lat' dir='ltr'>Dominus</span> <span class='ocrx_word' id='word_1_153' title='bbox 1568 1657 1683 1714; x_wconf 83' lang='lat' dir='ltr'>sulutem</span> <span class='ocrx_word' id='word_1_154' title='bbox 1706 1659 1733 1713; x_wconf 93' lang='lat' dir='ltr'>in</span> <span class='ocrx_word' id='word_1_155' title='bbox 1746 1660 1836 1717; x_wconf 86' lang='lat' dir='ltr'>medio</span> <span class='ocrx_word' id='word_1_156' title='bbox 1857 1671 1914 1718; x_wconf 90' lang='lat' dir='ltr'>ter·</span> 
     </span>
     <span class='ocr_line' id='line_1_14' title="bbox 288 1746 1914 1820; baseline 0.009 -25"><span class='ocrx_word' id='word_1_157' title='bbox 288 1746 402 1802; x_wconf 78' lang='lat' dir='ltr'>esiouis.</span> <span class='ocrx_word' id='word_1_158' title='bbox 1127 1762 1166 1802; x_wconf 80' lang='lat' dir='ltr'>ree</span> <span class='ocrx_word' id='word_1_159' title='bbox 1185 1748 1216 1802; x_wconf 82' lang='lat'>¹¹.</span> <span class='ocrx_word' id='word_1_160' title='bbox 1241 1766 1251 1800; x_wconf 82' lang='lat' dir='ltr'>i</span> <span class='ocrx_word' id='word_1_161' title='bbox 1277 1746 1401 1803; x_wconf 85' lang='lat' dir='ltr'>Poritiler</span> <span class='ocrx_word' id='word_1_162' title='bbox 1416 1749 1489 1803; x_wconf 88' lang='lat' dir='ltr'>eninr</span> <span class='ocrx_word' id='word_1_163' title='bbox 1513 1749 1561 1820; x_wconf 86' lang='lat' dir='ltr'>qui</span> <span class='ocrx_word' id='word_1_164' title='bbox 1576 1765 1684 1806; x_wconf 83' lang='lat' dir='ltr'>crucem</span> <span class='ocrx_word' id='word_1_165' title='bbox 1707 1751 1773 1808; x_wconf 90' lang='lat' dir='ltr'>lacit</span> <span class='ocrx_word' id='word_1_166' title='bbox 1796 1753 1831 1809; x_wconf 90' lang='lat' dir='ltr'>de</span> <span class='ocrx_word' id='word_1_167' title='bbox 1853 1755 1914 1810; x_wconf 92' lang='lat' dir='ltr'>oleo</span> 
     </span>
     <span class='ocr_line' id='line_1_15' title="bbox 578 1839 1915 1916; baseline 0.005 -20"><span class='ocrx_word' id='word_1_168' title='bbox 578 1839 694 1896; x_wconf 73' lang='lat' dir='ltr'>otrus</span> <span class='ocrx_word' id='word_1_169' title='bbox 713 1840 780 1897; x_wconf 81' lang='lat' dir='ltr'>vtis.</span> <span class='ocrx_word' id='word_1_170' title='bbox 1128 1839 1224 1895; x_wconf 90' lang='lat' dir='ltr'>altaris</span> <span class='ocrx_word' id='word_1_171' title='bbox 1237 1841 1381 1909; x_wconf 84' lang='lat' dir='ltr'>sancto,in</span> <span class='ocrx_word' id='word_1_172' title='bbox 1398 1842 1490 1899; x_wconf 90' lang='lat' dir='ltr'>medio</span> <span class='ocrx_word' id='word_1_173' title='bbox 1504 1843 1611 1909; x_wconf 86' lang='lat' dir='ltr'>altaris,</span> <span class='ocrx_word' id='word_1_174' title='bbox 1624 1852 1652 1899; x_wconf 89' lang='grc' dir='ltr'>ει</span> <span class='ocrx_word' id='word_1_175' title='bbox 1665 1859 1713 1915; x_wconf 91' lang='lat' dir='ltr'>per</span> <span class='ocrx_word' id='word_1_176' title='bbox 1725 1855 1845 1916; x_wconf 84' lang='lat' dir='ltr'>quatuor</span> <span class='ocrx_word' id='word_1_177' title='bbox 1856 1862 1915 1902; x_wconf 92' lang='lat' dir='ltr'>eor·</span> 
     </span>
     <span class='ocr_line' id='line_1_16' title="bbox 563 1933 1913 2009; baseline 0.008 -22"><span class='ocrx_word' id='word_1_178' title='bbox 563 1947 629 1988; x_wconf 80' lang='lat' dir='ltr'>rrssr</span> <span class='ocrx_word' id='word_1_179' title='bbox 648 1949 682 1990; x_wconf 81' lang='lat' dir='ltr'>ne</span> <span class='ocrx_word' id='word_1_180' title='bbox 699 1949 800 1989; x_wconf 79' lang='lat' dir='ltr'>sones.</span> <span class='ocrx_word' id='word_1_181' title='bbox 1129 1947 1183 1988; x_wconf 88' lang='lat' dir='ltr'>nua</span> <span class='ocrx_word' id='word_1_182' title='bbox 1204 1933 1312 2003; x_wconf 83' lang='lat' dir='ltr'>ipsius,</span> <span class='ocrx_word' id='word_1_183' title='bbox 1344 1934 1471 1992; x_wconf 84' lang='lat' dir='ltr'>Christus</span> <span class='ocrx_word' id='word_1_184' title='bbox 1499 1943 1542 1992; x_wconf 91' lang='lat' dir='ltr'>cst</span> <span class='ocrx_word' id='word_1_185' title='bbox 1571 1937 1617 2008; x_wconf 84' lang='lat' dir='ltr'>qui</span> <span class='ocrx_word' id='word_1_186' title='bbox 1653 1954 1736 2009; x_wconf 90' lang='lat' dir='ltr'>snper</span> <span class='ocrx_word' id='word_1_187' title='bbox 1763 1939 1913 1998; x_wconf 76' lang='lat' dir='ltr'>Ecclesiam</span> 
     </span>
     <span class='ocr_line' id='line_1_17' title="bbox 325 2023 1914 2101; baseline 0.009 -27"><span class='ocrx_word' id='word_1_188' title='bbox 325 2042 335 2074; x_wconf 81' lang='lat' dir='ltr'>i</span> <span class='ocrx_word' id='word_1_189' title='bbox 351 2023 527 2080; x_wconf 77' lang='lat' dir='ltr'>Festincmus</span> <span class='ocrx_word' id='word_1_190' title='bbox 550 2033 577 2079; x_wconf 92' lang='lat' dir='ltr'>et</span> <span class='ocrx_word' id='word_1_191' title='bbox 590 2025 757 2098; x_wconf 74' lang='lat' dir='ltr'>uos-ingredi</span> <span class='ocrx_word' id='word_1_192' title='bbox 768 2026 796 2081; x_wconf 93' lang='lat' dir='ltr'>in</span> <span class='ocrx_word' id='word_1_193' title='bbox 811 2024 885 2081; x_wconf 93' lang='lat' dir='ltr'>illam</span> <span class='ocrx_word' id='word_1_194' title='bbox 901 2027 1070 2099; x_wconf 79' lang='lat' dir='ltr'>requicm&#39;,i</span> <span class='ocrx_word' id='word_1_195' title='bbox 1126 2024 1292 2094; x_wconf 76' lang='lat' dir='ltr'>primitivam</span> <span class='ocrx_word' id='word_1_196' title='bbox 1306 2023 1439 2096; x_wconf 76' lang='lat' dir='ltr'>Spiritum</span> <span class='ocrx_word' id='word_1_197' title='bbox 1456 2034 1593 2094; x_wconf 80' lang='lat' dir='ltr'>sunctum,</span> <span class='ocrx_word' id='word_1_198' title='bbox 1611 2043 1658 2098; x_wconf 94' lang='lat' dir='ltr'>per</span> <span class='ocrx_word' id='word_1_199' title='bbox 1679 2029 1761 2085; x_wconf 79' lang='lat' dir='ltr'>sidem</span> <span class='ocrx_word' id='word_1_200' title='bbox 1775 2033 1914 2101; x_wconf 85' lang='lat' dir='ltr'>passionis</span> 
     </span>
     <span class='ocr_line' id='line_1_18' title="bbox 284 2104 1914 2188; baseline 0.005 -22"><span class='ocrx_word' id='word_1_201' title='bbox 284 2113 437 2184; x_wconf 84' lang='lat' dir='ltr'>participes</span> <span class='ocrx_word' id='word_1_202' title='bbox 463 2113 683 2172; x_wconf 81' lang='lat' dir='ltr'>iesuclisisti⁸.</span> <span class='ocrx_word' id='word_1_203' title='bbox 708 2115 757 2173; x_wconf 83' lang='lat' dir='ltr'>liis</span> <span class='ocrx_word' id='word_1_204' title='bbox 775 2118 812 2173; x_wconf 80' lang='lat' dir='ltr'>itu</span> <span class='ocrx_word' id='word_1_205' title='bbox 838 2119 966 2188; x_wconf 76' lang='lat' dir='ltr'>peractis,</span> <span class='ocrx_word' id='word_1_206' title='bbox 1002 2104 1077 2176; x_wconf 68' lang='lat' dir='ltr'>suciis</span> <span class='ocrx_word' id='word_1_207' title='bbox 1126 2114 1914 2186; x_wconf 77' lang='lat' dir='ltr'>elludit,etpcream,adpiratuormundiclimatadila·</span> 
     </span>
     <span class='ocr_line' id='line_1_19' title="bbox 282 2204 1913 2279; baseline 0.002 -19"><span class='ocrx_word' id='word_1_208' title='bbox 282 2205 413 2274; x_wconf 81' lang='lat' dir='ltr'>pontilex</span> <span class='ocrx_word' id='word_1_209' title='bbox 423 2206 455 2261; x_wconf 92' lang='lat' dir='ltr'>ad</span> <span class='ocrx_word' id='word_1_210' title='bbox 468 2205 607 2278; x_wconf 82' lang='lat' dir='ltr'>reliquias,</span> <span class='ocrx_word' id='word_1_211' title='bbox 616 2216 645 2264; x_wconf 91' lang='grc' dir='ltr'>ει</span> <span class='ocrx_word' id='word_1_212' title='bbox 656 2223 719 2263; x_wconf 91' lang='lat' dir='ltr'>cum</span> <span class='ocrx_word' id='word_1_213' title='bbox 735 2210 919 2279; x_wconf 87' lang='lat' dir='ltr'>processione,</span> <span class='ocrx_word' id='word_1_214' title='bbox 934 2210 1074 2278; x_wconf 87' lang='lat' dir='ltr'>oratione,</span> <span class='ocrx_word' id='word_1_215' title='bbox 1126 2205 1205 2260; x_wconf 89' lang='lat' dir='ltr'>tavit.</span> <span class='ocrx_word' id='word_1_216' title='bbox 1220 2204 1273 2261; x_wconf 86' lang='lat' dir='ltr'>Ter</span> <span class='ocrx_word' id='word_1_217' title='bbox 1284 2213 1412 2260; x_wconf 82' lang='lat' dir='ltr'>consetur</span> <span class='ocrx_word' id='word_1_218' title='bbox 1431 2222 1439 2259; x_wconf 72' lang='grc' dir='ltr'><strong>ε</strong></span> <span class='ocrx_word' id='word_1_219' title='bbox 1458 2204 1552 2259; x_wconf 75' lang='lat' dir='ltr'>Erexit</span> <span class='ocrx_word' id='word_1_220' title='bbox 1575 2204 1659 2260; x_wconf 77' lang='lat' dir='ltr'>iacet</span> <span class='ocrx_word' id='word_1_221' title='bbox 1673 2207 1791 2276; x_wconf 75' lang='lat' dir='ltr'>lapidem</span> <span class='ocrx_word' id='word_1_222' title='bbox 1804 2209 1833 2263; x_wconf 88' lang='lat' dir='ltr'>in</span> <span class='ocrx_word' id='word_1_223' title='bbox 1846 2210 1913 2264; x_wconf 85' lang='lat' dir='ltr'>sits·</span> 
     </span>
     <span class='ocr_line' id='line_1_20' title="bbox 284 2298 1912 2375; baseline 0.006 -25"><span class='ocrx_word' id='word_1_224' title='bbox 284 2303 444 2353; x_wconf 71' lang='lat' dir='ltr'>reomensis</span> <span class='ocrx_word' id='word_1_225' title='bbox 458 2339 466 2367; x_wconf 96' lang='lat'>,</span> <span class='ocrx_word' id='word_1_226' title='bbox 485 2314 640 2372; x_wconf 71' lang='lat' dir='ltr'>magnaque</span> <span class='ocrx_word' id='word_1_227' title='bbox 654 2301 799 2357; x_wconf 77' lang='lat' dir='ltr'>devotione</span> <span class='ocrx_word' id='word_1_228' title='bbox 812 2312 904 2373; x_wconf 88' lang='lat' dir='ltr'>portat</span> <span class='ocrx_word' id='word_1_229' title='bbox 921 2317 969 2359; x_wconf 90' lang='lat' dir='ltr'>eas</span> <span class='ocrx_word' id='word_1_230' title='bbox 981 2302 1017 2359; x_wconf 81' lang='lat' dir='ltr'>sd</span> <span class='ocrx_word' id='word_1_231' title='bbox 1031 2305 1074 2360; x_wconf 92' lang='lat' dir='ltr'>lo·</span> <span class='ocrx_word' id='word_1_232' title='bbox 1124 2302 1181 2357; x_wconf 84' lang='lat' dir='ltr'>lum</span> <span class='ocrx_word' id='word_1_233' title='bbox 1192 2303 1231 2369; x_wconf 83' lang='lat'>¹⁸;</span> <span class='ocrx_word' id='word_1_234' title='bbox 1243 2301 1289 2357; x_wconf 92' lang='lat' dir='ltr'>illa</span> <span class='ocrx_word' id='word_1_235' title='bbox 1299 2301 1373 2359; x_wconf 92' lang='lat' dir='ltr'>enim</span> <span class='ocrx_word' id='word_1_236' title='bbox 1385 2300 1508 2358; x_wconf 83' lang='lat' dir='ltr'>Ecclesia</span> <span class='ocrx_word' id='word_1_237' title='bbox 1519 2298 1572 2357; x_wconf 91' lang='lat' dir='ltr'>luit</span> <span class='ocrx_word' id='word_1_238' title='bbox 1585 2301 1682 2358; x_wconf 88' lang='lat' dir='ltr'>titulus</span> <span class='ocrx_word' id='word_1_239' title='bbox 1698 2302 1834 2358; x_wconf 79' lang='lat' dir='ltr'>aliarum«</span> <span class='ocrx_word' id='word_1_240' title='bbox 1845 2304 1912 2375; x_wconf 86' lang='lat' dir='ltr'>quia</span> 
     </span>
     <span class='ocr_line' id='line_1_21' title="bbox 285 2391 1912 2467; baseline 0.005 -23"><span class='ocrx_word' id='word_1_241' title='bbox 285 2406 351 2444; x_wconf 89' lang='lat' dir='ltr'>curu</span> <span class='ocrx_word' id='word_1_242' title='bbox 367 2391 421 2445; x_wconf 87' lang='lat' dir='ltr'>sibi</span> <span class='ocrx_word' id='word_1_243' title='bbox 436 2407 451 2446; x_wconf 93' lang='lat' dir='ltr'>a</span> <span class='ocrx_word' id='word_1_244' title='bbox 473 2391 590 2450; x_wconf 90' lang='lat' dir='ltr'>diacono</span> <span class='ocrx_word' id='word_1_245' title='bbox 603 2401 799 2464; x_wconf 76' lang='lat' dir='ltr'>preparatum.</span> <span class='ocrx_word' id='word_1_246' title='bbox 812 2392 850 2449; x_wconf 89' lang='lat' dir='ltr'>lta</span> <span class='ocrx_word' id='word_1_247' title='bbox 861 2393 987 2452; x_wconf 83' lang='lat' dir='ltr'>Christus</span> <span class='ocrx_word' id='word_1_248' title='bbox 1000 2405 1075 2467; x_wconf 91' lang='lat' dir='ltr'>post·</span> <span class='ocrx_word' id='word_1_249' title='bbox 1124 2394 1159 2450; x_wconf 87' lang='lat' dir='ltr'>de</span> <span class='ocrx_word' id='word_1_250' title='bbox 1172 2391 1239 2450; x_wconf 89' lang='lat' dir='ltr'>Sion</span> <span class='ocrx_word' id='word_1_251' title='bbox 1251 2394 1345 2465; x_wconf 70' lang='lat' dir='ltr'>,exirit</span> <span class='ocrx_word' id='word_1_252' title='bbox 1359 2393 1414 2462; x_wconf 85' lang='lat' dir='ltr'>lex,</span> <span class='ocrx_word' id='word_1_253' title='bbox 1429 2403 1456 2450; x_wconf 89' lang='lat' dir='ltr'>et</span> <span class='ocrx_word' id='word_1_254' title='bbox 1469 2395 1583 2451; x_wconf 86' lang='lat' dir='ltr'>verbum</span> <span class='ocrx_word' id='word_1_255' title='bbox 1607 2393 1715 2450; x_wconf 85' lang='lat' dir='ltr'>Domini</span> <span class='ocrx_word' id='word_1_256' title='bbox 1731 2394 1766 2451; x_wconf 90' lang='lat' dir='ltr'>de</span> <span class='ocrx_word' id='word_1_257' title='bbox 1780 2393 1912 2452; x_wconf 86' lang='lat' dir='ltr'>llierusa·</span> 
     </span>
     <span class='ocr_line' id='line_1_22' title="bbox 283 2484 1910 2560; baseline 0.005 -24"><span class='ocrx_word' id='word_1_258' title='bbox 283 2498 370 2552; x_wconf 81' lang='lat' dir='ltr'>quiam</span> <span class='ocrx_word' id='word_1_259' title='bbox 385 2484 466 2539; x_wconf 84' lang='lat' dir='ltr'>nobis</span> <span class='ocrx_word' id='word_1_260' title='bbox 479 2484 570 2542; x_wconf 89' lang='lat' dir='ltr'>locum</span> <span class='ocrx_word' id='word_1_261' title='bbox 583 2487 763 2557; x_wconf 82' lang='lat' dir='ltr'>praepararit,</span> <span class='ocrx_word' id='word_1_262' title='bbox 779 2489 882 2557; x_wconf 75' lang='lat' dir='ltr'>iustos,</span> <span class='ocrx_word' id='word_1_263' title='bbox 903 2488 950 2560; x_wconf 88' lang='lat' dir='ltr'>qni</span> <span class='ocrx_word' id='word_1_264' title='bbox 965 2490 992 2544; x_wconf 93' lang='lat' dir='ltr'>in</span> <span class='ocrx_word' id='word_1_265' title='bbox 1005 2505 1075 2560; x_wconf 83' lang='lat' dir='ltr'>prae·</span> <span class='ocrx_word' id='word_1_266' title='bbox 1124 2484 1178 2541; x_wconf 88' lang='lat' dir='ltr'>lem</span> <span class='ocrx_word' id='word_1_267' title='bbox 1194 2484 1228 2541; x_wconf 70' lang='lat'>¹‘.</span> <span class='ocrx_word' id='word_1_268' title='bbox 1248 2504 1259 2540; x_wconf 81' lang='lat' dir='ltr'>s</span> <span class='ocrx_word' id='word_1_269' title='bbox 1273 2484 1328 2542; x_wconf 85' lang='lat' dir='ltr'>Ter</span> <span class='ocrx_word' id='word_1_270' title='bbox 1339 2487 1424 2541; x_wconf 86' lang='lat' dir='ltr'>altare</span> <span class='ocrx_word' id='word_1_271' title='bbox 1438 2487 1571 2558; x_wconf 78' lang='lat' dir='ltr'>ungitur,</span> <span class='ocrx_word' id='word_1_272' title='bbox 1590 2486 1632 2543; x_wconf 91' lang='lat' dir='ltr'>bis</span> <span class='ocrx_word' id='word_1_273' title='bbox 1651 2486 1711 2543; x_wconf 88' lang='lat' dir='ltr'>oleo</span> <span class='ocrx_word' id='word_1_274' title='bbox 1733 2497 1840 2556; x_wconf 88' lang='lat' dir='ltr'>sancto,</span> <span class='ocrx_word' id='word_1_275' title='bbox 1854 2496 1910 2544; x_wconf 68' lang='lat' dir='ltr'>ten</span> 
     </span>
     <span class='ocr_line' id='line_1_23' title="bbox 282 2574 1911 2650; baseline 0.012 -22"><span class='ocrx_word' id='word_1_276' title='bbox 282 2574 356 2630; x_wconf 71' lang='lat' dir='ltr'>seue</span> <span class='ocrx_word' id='word_1_277' title='bbox 373 2583 453 2631; x_wconf 73' lang='lat' dir='ltr'>uuus</span> <span class='ocrx_word' id='word_1_278' title='bbox 471 2577 546 2647; x_wconf 73' lang='lat' dir='ltr'>ugus</span> <span class='ocrx_word' id='word_1_279' title='bbox 561 2587 693 2634; x_wconf 73' lang='lat' dir='ltr'>uuusese</span> <span class='ocrx_word' id='word_1_280' title='bbox 708 2593 723 2632; x_wconf 78' lang='lat' dir='ltr'>a</span> <span class='ocrx_word' id='word_1_281' title='bbox 738 2579 818 2634; x_wconf 81' lang='lat' dir='ltr'>muris</span> <span class='ocrx_word' id='word_1_282' title='bbox 832 2581 1010 2650; x_wconf 66' lang='lat' dir='ltr'>cursionum,</span> <span class='ocrx_word' id='word_1_283' title='bbox 1029 2598 1075 2641; x_wconf 82' lang='lat' dir='ltr'>us·</span> <span class='ocrx_word' id='word_1_284' title='bbox 1124 2576 1163 2631; x_wconf 81' lang='lat' dir='ltr'>tio</span> <span class='ocrx_word' id='word_1_285' title='bbox 1179 2575 1348 2645; x_wconf 59' lang='lat' dir='ltr'>chrismam</span> <span class='ocrx_word' id='word_1_286' title='bbox 1373 2578 1504 2648; x_wconf 76' lang='lat' dir='ltr'>quousauu</span> <span class='ocrx_word' id='word_1_287' title='bbox 1525 2576 1646 2634; x_wconf 72' lang='lat' dir='ltr'>ucuiesru</span> <span class='ocrx_word' id='word_1_288' title='bbox 1670 2579 1742 2646; x_wconf 82' lang='lat' dir='ltr'>tide,</span> <span class='ocrx_word' id='word_1_289' title='bbox 1762 2594 1830 2649; x_wconf 69' lang='lat' dir='ltr'>spu,</span> <span class='ocrx_word' id='word_1_290' title='bbox 1844 2579 1911 2635; x_wconf 77' lang='lat' dir='ltr'>cnu-</span> 
     </span>
     <span class='ocr_line' id='line_1_24' title="bbox 282 2667 1910 2741; baseline 0.011 -21"><span class='ocrx_word' id='word_1_291' title='bbox 282 2668 371 2721; x_wconf 89' lang='lat' dir='ltr'>sumit</span> <span class='ocrx_word' id='word_1_292' title='bbox 380 2676 408 2724; x_wconf 90' lang='lat' dir='ltr'>ct</span> <span class='ocrx_word' id='word_1_293' title='bbox 418 2668 446 2723; x_wconf 93' lang='lat' dir='ltr'>in</span> <span class='ocrx_word' id='word_1_294' title='bbox 458 2667 569 2723; x_wconf 90' lang='lat' dir='ltr'>domum</span> <span class='ocrx_word' id='word_1_295' title='bbox 582 2667 672 2724; x_wconf 84' lang='lat' dir='ltr'>Patris</span> <span class='ocrx_word' id='word_1_296' title='bbox 689 2670 732 2725; x_wconf 91' lang='lat' dir='ltr'>sui</span> <span class='ocrx_word' id='word_1_297' title='bbox 744 2670 870 2740; x_wconf 83' lang='lat' dir='ltr'>perducit</span> <span class='ocrx_word' id='word_1_298' title='bbox 884 2673 910 2739; x_wconf 80' lang='grc'>’;</span> <span class='ocrx_word' id='word_1_299' title='bbox 926 2674 999 2729; x_wconf 79' lang='lat' dir='ltr'>uncle</span> <span class='ocrx_word' id='word_1_300' title='bbox 1012 2690 1076 2731; x_wconf 90' lang='lat' dir='ltr'>can·</span> <span class='ocrx_word' id='word_1_301' title='bbox 1124 2668 1219 2734; x_wconf 63' lang='lat' dir='ltr'>lime,</span> <span class='ocrx_word' id='word_1_302' title='bbox 1233 2682 1295 2737; x_wconf 68' lang='lat' dir='ltr'>(1⁰ae</span> <span class='ocrx_word' id='word_1_303' title='bbox 1320 2678 1363 2724; x_wconf 67' lang='lat'>0⁵2</span> <span class='ocrx_word' id='word_1_304' title='bbox 1376 2668 1465 2740; x_wconf 63' lang='lat' dir='ltr'>maim·</span> <span class='ocrx_word' id='word_1_305' title='bbox 1478 2670 1594 2736; x_wconf 63' lang='lat' dir='ltr'>weris,</span> <span class='ocrx_word' id='word_1_306' title='bbox 1608 2669 1756 2741; x_wconf 62' lang='lat' dir='ltr'>insistitur</span> <span class='ocrx_word' id='word_1_307' title='bbox 1777 2671 1812 2729; x_wconf 84' lang='lat'>¹¹·</span> <span class='ocrx_word' id='word_1_308' title='bbox 1838 2667 1910 2727; x_wconf 88' lang='lat' dir='ltr'>bum</span> 
     </span>
     <span class='ocr_line' id='line_1_25' title="bbox 282 2757 1911 2833; baseline 0.007 -21"><span class='ocrx_word' id='word_1_309' title='bbox 282 2769 359 2813; x_wconf 90' lang='lat' dir='ltr'>tatur</span> <span class='ocrx_word' id='word_1_310' title='bbox 375 2778 382 2813; x_wconf 89' lang='lat'><strong>:</strong></span> <span class='ocrx_word' id='word_1_311' title='bbox 398 2760 541 2815; x_wconf 82' lang='lat' dir='ltr'>Anriulots</span> <span class='ocrx_word' id='word_1_312' title='bbox 555 2762 641 2815; x_wconf 84' lang='lat' dir='ltr'>sancti</span> <span class='ocrx_word' id='word_1_313' title='bbox 655 2761 724 2822; x_wconf 82' lang='lat' dir='ltr'>Dei,</span> <span class='ocrx_word' id='word_1_314' title='bbox 748 2762 918 2832; x_wconf 81' lang='lat' dir='ltr'>inpredimini</span> <span class='ocrx_word' id='word_1_315' title='bbox 933 2766 961 2819; x_wconf 86' lang='lat' dir='ltr'>in</span> <span class='ocrx_word' id='word_1_316' title='bbox 984 2766 1075 2822; x_wconf 84' lang='lat' dir='ltr'>ciuita-</span> <span class='ocrx_word' id='word_1_317' title='bbox 1123 2758 1272 2815; x_wconf 64' lang='lat' dir='ltr'>chrismale</span> <span class='ocrx_word' id='word_1_318' title='bbox 1292 2757 1456 2828; x_wconf 71' lang='lat' dir='ltr'>infunditur,</span> <span class='ocrx_word' id='word_1_319' title='bbox 1468 2769 1595 2816; x_wconf 60' lang='lat' dir='ltr'>totlitur</span> <span class='ocrx_word' id='word_1_320' title='bbox 1610 2779 1618 2816; x_wconf 65' lang='grc' dir='ltr'><strong>ε</strong></span> <span class='ocrx_word' id='word_1_321' title='bbox 1636 2759 1704 2815; x_wconf 68' lang='lat' dir='ltr'>Ecce</span> <span class='ocrx_word' id='word_1_322' title='bbox 1714 2758 1844 2833; x_wconf 68' lang='lat' dir='ltr'>vtiotfilt&#39;i</span> <span class='ocrx_word' id='word_1_323' title='bbox 1858 2763 1911 2818; x_wconf 77' lang='lat' dir='ltr'>moi</span> 
     </span>
     <span class='ocr_line' id='line_1_26' title="bbox 283 2850 1910 2926; baseline 0.009 -22"><span class='ocrx_word' id='word_1_324' title='bbox 283 2865 336 2904; x_wconf 75' lang='lat' dir='ltr'>uem</span> <span class='ocrx_word' id='word_1_325' title='bbox 352 2850 473 2917; x_wconf 76' lang='lat' dir='ltr'>uuuutur,</span> <span class='ocrx_word' id='word_1_326' title='bbox 498 2854 525 2908; x_wconf 84' lang='lat' dir='ltr'>m</span> <span class='ocrx_word' id='word_1_327' title='bbox 542 2863 584 2908; x_wconf 81' lang='lat' dir='ltr'>esi</span> <span class='ocrx_word' id='word_1_328' title='bbox 606 2853 945 2926; x_wconf 70' lang='lat' dir='ltr'>sescenisnummis,</span> <span class='ocrx_word' id='word_1_329' title='bbox 958 2858 1018 2916; x_wconf 81' lang='lat' dir='ltr'>tuaec</span> <span class='ocrx_word' id='word_1_330' title='bbox 1032 2869 1074 2916; x_wconf 79' lang='lat' dir='ltr'>est</span> <span class='ocrx_word' id='word_1_331' title='bbox 1123 2853 1193 2906; x_wconf 72' lang='lat' dir='ltr'>uscue</span> <span class='ocrx_word' id='word_1_332' title='bbox 1206 2850 1272 2905; x_wconf 74' lang='lat' dir='ltr'>usur</span> <span class='ocrx_word' id='word_1_333' title='bbox 1284 2852 1342 2922; x_wconf 74' lang='lat' dir='ltr'>aori</span> <span class='ocrx_word' id='word_1_334' title='bbox 1354 2851 1424 2921; x_wconf 77' lang='lat' dir='ltr'>pleni</span> <span class='ocrx_word' id='word_1_335' title='bbox 1442 2851 1474 2906; x_wconf 72' lang='lat'>¹⁴·</span> <span class='ocrx_word' id='word_1_336' title='bbox 1486 2851 1537 2909; x_wconf 82' lang='lat' dir='ltr'>utu</span> <span class='ocrx_word' id='word_1_337' title='bbox 1548 2868 1613 2923; x_wconf 77' lang='lat' dir='ltr'>oser</span> <span class='ocrx_word' id='word_1_338' title='bbox 1630 2862 1672 2909; x_wconf 80' lang='lat' dir='ltr'>ess</span> <span class='ocrx_word' id='word_1_339' title='bbox 1687 2851 1825 2921; x_wconf 78' lang='lat' dir='ltr'>Ecclesia.</span> <span class='ocrx_word' id='word_1_340' title='bbox 1847 2869 1910 2925; x_wconf 76' lang='lat' dir='ltr'>qus</span> 
     </span>
     <span class='ocr_line' id='line_1_27' title="bbox 281 2944 1909 3019; baseline 0.003 -21"><span class='ocrx_word' id='word_1_341' title='bbox 281 2944 356 2999; x_wconf 84' lang='lat' dir='ltr'>eriim</span> <span class='ocrx_word' id='word_1_342' title='bbox 382 2944 501 3001; x_wconf 85' lang='lat' dir='ltr'>Ecclesia</span> <span class='ocrx_word' id='word_1_343' title='bbox 519 2961 590 3001; x_wconf 83' lang='lat' dir='ltr'>nora</span> <span class='ocrx_word' id='word_1_344' title='bbox 603 2986 611 3012; x_wconf 93' lang='lat'>,</span> <span class='ocrx_word' id='word_1_345' title='bbox 626 2945 653 3000; x_wconf 90' lang='lat' dir='ltr'>in</span> <span class='ocrx_word' id='word_1_346' title='bbox 670 2963 724 3017; x_wconf 89' lang='lat' dir='ltr'>qua</span> <span class='ocrx_word' id='word_1_347' title='bbox 749 2948 866 3019; x_wconf 88' lang='lat' dir='ltr'>populus</span> <span class='ocrx_word' id='word_1_348' title='bbox 879 2949 1004 3006; x_wconf 78' lang='lat' dir='ltr'>adorabis</span> <span class='ocrx_word' id='word_1_349' title='bbox 1020 2949 1073 3007; x_wconf 84' lang='lat' dir='ltr'>Do-</span> <span class='ocrx_word' id='word_1_350' title='bbox 1122 2945 1238 3003; x_wconf 77' lang='lat' dir='ltr'>nuribus</span> <span class='ocrx_word' id='word_1_351' title='bbox 1261 2956 1369 3013; x_wconf 81' lang='lat' dir='ltr'>seruiet,</span> <span class='ocrx_word' id='word_1_352' title='bbox 1383 2945 1531 3002; x_wconf 82' lang='lat' dir='ltr'>virtutibus</span> <span class='ocrx_word' id='word_1_353' title='bbox 1547 2947 1680 3017; x_wconf 88' lang='lat' dir='ltr'>splendet,</span> <span class='ocrx_word' id='word_1_354' title='bbox 1704 2947 1834 3018; x_wconf 89' lang='lat' dir='ltr'>operibus</span> <span class='ocrx_word' id='word_1_355' title='bbox 1852 2948 1909 3003; x_wconf 87' lang='lat' dir='ltr'>lra-</span> 
     </span>
     <span class='ocr_line' id='line_1_28' title="bbox 281 3036 1909 3111; baseline 0.01 -20"><span class='ocrx_word' id='word_1_356' title='bbox 281 3038 390 3092; x_wconf 90' lang='lat' dir='ltr'>minum</span> <span class='ocrx_word' id='word_1_357' title='bbox 408 3039 437 3094; x_wconf 89' lang='lat' dir='ltr'>in</span> <span class='ocrx_word' id='word_1_358' title='bbox 452 3047 596 3094; x_wconf 86' lang='lat' dir='ltr'>aetcmum.</span> <span class='ocrx_word' id='word_1_359' title='bbox 612 3036 661 3095; x_wconf 88' lang='lat' dir='ltr'>llic</span> <span class='ocrx_word' id='word_1_360' title='bbox 675 3051 793 3106; x_wconf 85' lang='lat' dir='ltr'>cantus,</span> <span class='ocrx_word' id='word_1_361' title='bbox 813 3040 850 3095; x_wconf 94' lang='lat' dir='ltr'>ibi</span> <span class='ocrx_word' id='word_1_362' title='bbox 870 3042 999 3111; x_wconf 78' lang='lat' dir='ltr'>gaudium</span> <span class='ocrx_word' id='word_1_363' title='bbox 1022 3059 1073 3099; x_wconf 82' lang='lat' dir='ltr'>sn·</span> <span class='ocrx_word' id='word_1_364' title='bbox 1123 3048 1192 3111; x_wconf 75' lang='lat' dir='ltr'>prat,</span> <span class='ocrx_word' id='word_1_365' title='bbox 1205 3038 1251 3094; x_wconf 92' lang='lat' dir='ltr'>ubi</span> <span class='ocrx_word' id='word_1_366' title='bbox 1264 3047 1328 3093; x_wconf 90' lang='lat' dir='ltr'>sunt</span> <span class='ocrx_word' id='word_1_367' title='bbox 1341 3053 1411 3095; x_wconf 83' lang='lat' dir='ltr'>rosae</span> <span class='ocrx_word' id='word_1_368' title='bbox 1425 3048 1588 3111; x_wconf 65' lang='lat' dir='ltr'>martyrum,</span> <span class='ocrx_word' id='word_1_369' title='bbox 1601 3039 1656 3094; x_wconf 62' lang='lat' dir='ltr'>lilio</span> <span class='ocrx_word' id='word_1_370' title='bbox 1668 3039 1816 3110; x_wconf 62' lang='lat' dir='ltr'>Vltimum·</span> <span class='ocrx_word' id='word_1_371' title='bbox 1829 3039 1909 3098; x_wconf 65' lang='lat' dir='ltr'>ll⁰¹ae</span> 
     </span>
     <span class='ocr_line' id='line_1_29' title="bbox 272 3130 1907 3211; baseline 0.002 -27"><span class='ocrx_word' id='word_1_372' title='bbox 272 3131 421 3199; x_wconf 73' lang='lat' dir='ltr'>vgulosum,</span> <span class='ocrx_word' id='word_1_373' title='bbox 453 3133 560 3188; x_wconf 90' lang='lat' dir='ltr'>animas</span> <span class='ocrx_word' id='word_1_374' title='bbox 581 3149 644 3188; x_wconf 91' lang='lat' dir='ltr'>curn</span> <span class='ocrx_word' id='word_1_375' title='bbox 668 3133 768 3204; x_wconf 78' lang='lat' dir='ltr'>garrdio</span> <span class='ocrx_word' id='word_1_376' title='bbox 789 3135 998 3206; x_wconf 83' lang='lat' dir='ltr'>recipientium,</span> <span class='ocrx_word' id='word_1_377' title='bbox 1024 3141 1072 3211; x_wconf 82' lang='lat' dir='ltr'>qui</span> <span class='ocrx_word' id='word_1_378' title='bbox 1107 3130 1334 3197; x_wconf 81' lang='lat' dir='ltr'>consessorum,</span> <span class='ocrx_word' id='word_1_379' title='bbox 1354 3130 1401 3185; x_wconf 91' lang='lat' dir='ltr'>ubi</span> <span class='ocrx_word' id='word_1_380' title='bbox 1419 3131 1495 3186; x_wconf 85' lang='lat' dir='ltr'>viror</span> <span class='ocrx_word' id='word_1_381' title='bbox 1512 3131 1727 3203; x_wconf 87' lang='lat' dir='ltr'>incipientium,</span> <span class='ocrx_word' id='word_1_382' title='bbox 1747 3133 1798 3188; x_wconf 89' lang='lat' dir='ltr'>ssus</span> <span class='ocrx_word' id='word_1_383' title='bbox 1822 3130 1907 3203; x_wconf 87' lang='lat' dir='ltr'>pruri-</span> 
     </span>
     <span class='ocr_line' id='line_1_30' title="bbox 282 3221 1908 3296; baseline 0.007 -20"><span class='ocrx_word' id='word_1_384' title='bbox 282 3237 333 3277; x_wconf 68' lang='grc' dir='ltr'>ωε</span> <span class='ocrx_word' id='word_1_385' title='bbox 358 3222 544 3290; x_wconf 77' lang='lat' dir='ltr'>uiminmui,</span> <span class='ocrx_word' id='word_1_386' title='bbox 574 3239 719 3296; x_wconf 73' lang='lat' dir='ltr'>quousque</span> <span class='ocrx_word' id='word_1_387' title='bbox 743 3240 794 3296; x_wconf 83' lang='lat' dir='ltr'>pru</span> <span class='ocrx_word' id='word_1_388' title='bbox 810 3227 915 3284; x_wconf 78' lang='lat' dir='ltr'>meritis</span> <span class='ocrx_word' id='word_1_389' title='bbox 930 3229 1072 3288; x_wconf 82' lang='lat' dir='ltr'>tudensis</span> <span class='ocrx_word' id='word_1_390' title='bbox 1120 3221 1261 3291; x_wconf 78' lang='lat' dir='ltr'>simitum,</span> <span class='ocrx_word' id='word_1_391' title='bbox 1289 3221 1395 3279; x_wconf 80' lang='lat' dir='ltr'>nucius</span> <span class='ocrx_word' id='word_1_392' title='bbox 1430 3223 1640 3294; x_wconf 80' lang='lat' dir='ltr'>percipientium</span> <span class='ocrx_word' id='word_1_393' title='bbox 1673 3225 1706 3279; x_wconf 78' lang='lat'>¹¹·</span> <span class='ocrx_word' id='word_1_394' title='bbox 1732 3222 1834 3280; x_wconf 80' lang='lat' dir='ltr'>uuruuoe</span> <span class='ocrx_word' id='word_1_395' title='bbox 1858 3239 1908 3294; x_wconf 82' lang='lat' dir='ltr'>ner</span> 
     </span>
     <span class='ocr_line' id='line_1_31' title="bbox 271 3312 1907 3396; baseline 0.011 -28"><span class='ocrx_word' id='word_1_396' title='bbox 271 3315 477 3370; x_wconf 80' lang='lat' dir='ltr'>mansionibus</span> <span class='ocrx_word' id='word_1_397' title='bbox 491 3315 835 3389; x_wconf 71' lang='lat' dir='ltr'>recipiuntautusequam</span> <span class='ocrx_word' id='word_1_398' title='bbox 853 3321 975 3391; x_wconf 79' lang='lat' dir='ltr'>pumiles</span> <span class='ocrx_word' id='word_1_399' title='bbox 989 3322 1106 3396; x_wconf 86' lang='lat' dir='ltr'>intrctc</span> <span class='ocrx_word' id='word_1_400' title='bbox 1122 3313 1240 3385; x_wconf 59' lang='grc' dir='ltr'>Ρθήθῑθὸ</span> <span class='ocrx_word' id='word_1_401' title='bbox 1256 3312 1378 3370; x_wconf 59' lang='grc' dir='ltr'>θῦθῙθῦῑῧέ</span> <span class='ocrx_word' id='word_1_402' title='bbox 1402 3313 1546 3371; x_wconf 69' lang='lat' dir='ltr'><strong>du⁰d⁰⁰l¹⁰</strong></span> <span class='ocrx_word' id='word_1_403' title='bbox 1571 3330 1666 3372; x_wconf 66' lang='lat'><strong>“⁰⁰⁸⁸</strong></span> <span class='ocrx_word' id='word_1_404' title='bbox 1681 3332 1744 3372; x_wconf 69' lang='lat' dir='ltr'>ium</span> <span class='ocrx_word' id='word_1_405' title='bbox 1759 3317 1907 3373; x_wconf 82' lang='lat' dir='ltr'>chrismato</span> 
     </span>
     <span class='ocr_line' id='line_1_32' title="bbox 281 3404 1904 3480; baseline 0.002 -19"><span class='ocrx_word' id='word_1_406' title='bbox 281 3407 442 3474; x_wconf 87' lang='lat' dir='ltr'>ecclesiam,</span> <span class='ocrx_word' id='word_1_407' title='bbox 458 3423 521 3464; x_wconf 92' lang='lat' dir='ltr'>cum</span> <span class='ocrx_word' id='word_1_408' title='bbox 536 3409 661 3474; x_wconf 80' lang='lat' dir='ltr'>seliouiis</span> <span class='ocrx_word' id='word_1_409' title='bbox 675 3411 825 3467; x_wconf 88' lang='lat' dir='ltr'>circumeat</span> <span class='ocrx_word' id='word_1_410' title='bbox 838 3428 910 3480; x_wconf 88' lang='lat' dir='ltr'>eam,</span> <span class='ocrx_word' id='word_1_411' title='bbox 925 3422 955 3470; x_wconf 81' lang='lat' dir='ltr'>ut</span> <span class='ocrx_word' id='word_1_412' title='bbox 967 3414 1022 3471; x_wconf 79' lang='lat' dir='ltr'>sini</span> <span class='ocrx_word' id='word_1_413' title='bbox 1036 3416 1070 3472; x_wconf 75' lang='lat' dir='ltr'>it.</span> <span class='ocrx_word' id='word_1_414' title='bbox 1122 3404 1207 3474; x_wconf 88' lang='lat' dir='ltr'>iacit,</span> <span class='ocrx_word' id='word_1_415' title='bbox 1226 3404 1409 3475; x_wconf 82' lang='lat' dir='ltr'>incipiendus</span> <span class='ocrx_word' id='word_1_416' title='bbox 1425 3406 1522 3461; x_wconf 84' lang='lat' dir='ltr'>dextro</span> <span class='ocrx_word' id='word_1_417' title='bbox 1536 3409 1697 3477; x_wconf 84' lang='lat' dir='ltr'>perveniens</span> <span class='ocrx_word' id='word_1_418' title='bbox 1705 3408 1738 3463; x_wconf 92' lang='lat' dir='ltr'>ad</span> <span class='ocrx_word' id='word_1_419' title='bbox 1750 3408 1904 3464; x_wconf 88' lang='lat' dir='ltr'>sinistrum.</span> 
     </span>
     <span class='ocr_line' id='line_1_33' title="bbox 281 3495 1908 3577; baseline 0.007 -26"><span class='ocrx_word' id='word_1_420' title='bbox 281 3498 338 3552; x_wconf 77' lang='lat' dir='ltr'>stus</span> <span class='ocrx_word' id='word_1_421' title='bbox 350 3499 477 3555; x_wconf 77' lang='lat' dir='ltr'>ecclesius</span> <span class='ocrx_word' id='word_1_422' title='bbox 490 3509 668 3571; x_wconf 75' lang='lat' dir='ltr'>protecturus.</span> <span class='ocrx_word' id='word_1_423' title='bbox 692 3500 791 3558; x_wconf 75' lang='lat' dir='ltr'>iterum</span> <span class='ocrx_word' id='word_1_424' title='bbox 815 3512 941 3559; x_wconf 75' lang='lat' dir='ltr'>cauetur</span> <span class='ocrx_word' id='word_1_425' title='bbox 954 3521 1072 3577; x_wconf 83' lang='lat' dir='ltr'>respun-</span> <span class='ocrx_word' id='word_1_426' title='bbox 1120 3495 1184 3554; x_wconf 77' lang='lat' dir='ltr'>llec</span> <span class='ocrx_word' id='word_1_427' title='bbox 1199 3498 1293 3554; x_wconf 80' lang='lat' dir='ltr'>uuuuu</span> <span class='ocrx_word' id='word_1_428' title='bbox 1310 3510 1352 3554; x_wconf 82' lang='lat' dir='ltr'>ssi</span> <span class='ocrx_word' id='word_1_429' title='bbox 1370 3497 1437 3554; x_wconf 77' lang='lat' dir='ltr'>noes</span> <span class='ocrx_word' id='word_1_430' title='bbox 1454 3499 1604 3568; x_wconf 79' lang='lat' dir='ltr'>passionis.</span> <span class='ocrx_word' id='word_1_431' title='bbox 1622 3515 1684 3571; x_wconf 76' lang='lat' dir='ltr'>que</span> <span class='ocrx_word' id='word_1_432' title='bbox 1701 3515 1749 3570; x_wconf 81' lang='lat' dir='ltr'>per</span> <span class='ocrx_word' id='word_1_433' title='bbox 1763 3501 1908 3570; x_wconf 78' lang='lat' dir='ltr'>apostolos</span> 
     </span>
     <span class='ocr_line' id='line_1_34' title="bbox 280 3578 1904 3667; baseline 0 -18"><span class='ocrx_word' id='word_1_434' title='bbox 280 3590 389 3645; x_wconf 79' lang='lat' dir='ltr'>sotium</span> <span class='ocrx_word' id='word_1_435' title='bbox 400 3632 410 3658; x_wconf 89' lang='lat'>‚</span> <span class='ocrx_word' id='word_1_436' title='bbox 422 3591 456 3646; x_wconf 87' lang='lat' dir='ltr'>dc</span> <span class='ocrx_word' id='word_1_437' title='bbox 469 3592 600 3661; x_wconf 87' lang='lat' dir='ltr'>decimis;</span> <span class='ocrx_word' id='word_1_438' title='bbox 618 3594 733 3664; x_wconf 85' lang='lat' dir='ltr'>ideoque</span> <span class='ocrx_word' id='word_1_439' title='bbox 760 3595 933 3666; x_wconf 90' lang='lat' dir='ltr'>postmodum</span> <span class='ocrx_word' id='word_1_440' title='bbox 948 3598 1070 3667; x_wconf 79' lang='lat' dir='ltr'>pontilex</span> <span class='ocrx_word' id='word_1_441' title='bbox 1120 3590 1252 3646; x_wconf 80' lang='lat' dir='ltr'>aiudaeis</span> <span class='ocrx_word' id='word_1_442' title='bbox 1266 3578 1391 3660; x_wconf 78' lang='lat' dir='ltr'>periens</span> <span class='ocrx_word' id='word_1_443' title='bbox 1405 3590 1562 3661; x_wconf 79' lang='lat' dir='ltr'>adgentes,</span> <span class='ocrx_word' id='word_1_444' title='bbox 1578 3594 1621 3647; x_wconf 84' lang='lat' dir='ltr'>rel</span> <span class='ocrx_word' id='word_1_445' title='bbox 1634 3592 1726 3662; x_wconf 89' lang='lat' dir='ltr'>potius</span> <span class='ocrx_word' id='word_1_446' title='bbox 1748 3603 1791 3649; x_wconf 88' lang='lat' dir='ltr'>est</span> <span class='ocrx_word' id='word_1_447' title='bbox 1810 3595 1904 3649; x_wconf 88' lang='lat' dir='ltr'>unctio</span> 
     </span>
     <span class='ocr_line' id='line_1_35' title="bbox 280 3680 1904 3755; baseline 0.003 -18"><span class='ocrx_word' id='word_1_448' title='bbox 280 3692 378 3738; x_wconf 87' lang='lat' dir='ltr'>monet</span> <span class='ocrx_word' id='word_1_449' title='bbox 400 3684 531 3754; x_wconf 90' lang='lat' dir='ltr'>populum</span> <span class='ocrx_word' id='word_1_450' title='bbox 546 3690 580 3740; x_wconf 90' lang='lat' dir='ltr'>de</span> <span class='ocrx_word' id='word_1_451' title='bbox 593 3684 706 3741; x_wconf 84' lang='lat' dir='ltr'>decimis</span> <span class='ocrx_word' id='word_1_452' title='bbox 717 3694 744 3740; x_wconf 92' lang='lat' dir='ltr'>et</span> <span class='ocrx_word' id='word_1_453' title='bbox 758 3685 953 3753; x_wconf 82' lang='lat' dir='ltr'>oblationibus,</span> <span class='ocrx_word' id='word_1_454' title='bbox 968 3687 1031 3744; x_wconf 87' lang='lat' dir='ltr'>dote</span> <span class='ocrx_word' id='word_1_455' title='bbox 1043 3698 1071 3745; x_wconf 83' lang='lat' dir='ltr'>et</span> <span class='ocrx_word' id='word_1_456' title='bbox 1120 3686 1179 3739; x_wconf 84' lang='lat' dir='ltr'>lraec</span> <span class='ocrx_word' id='word_1_457' title='bbox 1189 3681 1276 3753; x_wconf 78' lang='lat' dir='ltr'>gratia</span> <span class='ocrx_word' id='word_1_458' title='bbox 1290 3680 1408 3753; x_wconf 83' lang='lat' dir='ltr'>Spiritus</span> <span class='ocrx_word' id='word_1_459' title='bbox 1422 3682 1521 3750; x_wconf 86' lang='lat' dir='ltr'>sancti,</span> <span class='ocrx_word' id='word_1_460' title='bbox 1537 3683 1616 3752; x_wconf 81' lang='lat' dir='ltr'>cujus</span> <span class='ocrx_word' id='word_1_461' title='bbox 1628 3684 1770 3755; x_wconf 89' lang='lat' dir='ltr'>plenitudo</span> <span class='ocrx_word' id='word_1_462' title='bbox 1781 3685 1904 3743; x_wconf 79' lang='lat' dir='ltr'>existens</span> 
     </span>
     <span class='ocr_line' id='line_1_36' title="bbox 279 3772 1903 3851; baseline 0.009 -20"><span class='ocrx_word' id='word_1_463' title='bbox 279 3775 477 3834; x_wconf 86' lang='lat' dir='ltr'>luminaribus.</span> <span class='ocrx_word' id='word_1_464' title='bbox 502 3776 569 3834; x_wconf 87' lang='lat' dir='ltr'>Post</span> <span class='ocrx_word' id='word_1_465' title='bbox 593 3794 655 3834; x_wconf 93' lang='lat' dir='ltr'>cum</span> <span class='ocrx_word' id='word_1_466' title='bbox 678 3779 825 3836; x_wconf 87' lang='lat' dir='ltr'>chrismate</span> <span class='ocrx_word' id='word_1_467' title='bbox 852 3780 959 3851; x_wconf 81' lang='lat' dir='ltr'>signum</span> <span class='ocrx_word' id='word_1_468' title='bbox 980 3782 1070 3839; x_wconf 88' lang='lat' dir='ltr'>crucis</span> <span class='ocrx_word' id='word_1_469' title='bbox 1119 3776 1148 3831; x_wconf 69' lang='lat'>5¹¹</span> <span class='ocrx_word' id='word_1_470' title='bbox 1165 3775 1254 3844; x_wconf 89' lang='lat' dir='ltr'>eapite</span> <span class='ocrx_word' id='word_1_471' title='bbox 1273 3772 1398 3841; x_wconf 66' lang='lat' dir='ltr'>Chilssliu</span> <span class='ocrx_word' id='word_1_472' title='bbox 1416 3775 1557 3831; x_wconf 62' lang='lat' dir='ltr'>descendii</span> <span class='ocrx_word' id='word_1_473' title='bbox 1581 3775 1609 3830; x_wconf 91' lang='lat' dir='ltr'>in</span> <span class='ocrx_word' id='word_1_474' title='bbox 1637 3776 1761 3845; x_wconf 60' lang='lat' dir='ltr'>barbam·</span> <span class='ocrx_word' id='word_1_475' title='bbox 1788 3777 1903 3834; x_wconf 55' lang='lat' dir='ltr'>bullam</span> 
     </span>
     <span class='ocr_line' id='line_1_37' title="bbox 277 3867 1900 3946; baseline 0.002 -23"><span class='ocrx_word' id='word_1_476' title='bbox 277 3868 366 3924; x_wconf 82' lang='lat' dir='ltr'>iaciat</span> <span class='ocrx_word' id='word_1_477' title='bbox 383 3869 411 3923; x_wconf 91' lang='lat' dir='ltr'>in</span> <span class='ocrx_word' id='word_1_478' title='bbox 426 3870 651 3940; x_wconf 85' lang='lat' dir='ltr'>superliminari,</span> <span class='ocrx_word' id='word_1_479' title='bbox 675 3886 724 3942; x_wconf 85' lang='lat' dir='ltr'>per</span> <span class='ocrx_word' id='word_1_480' title='bbox 750 3871 823 3942; x_wconf 85' lang='lat' dir='ltr'>quod</span> <span class='ocrx_word' id='word_1_481' title='bbox 846 3871 971 3927; x_wconf 88' lang='lat' dir='ltr'>innuitur</span> <span class='ocrx_word' id='word_1_482' title='bbox 985 3875 1068 3946; x_wconf 70' lang='lat' dir='ltr'>quod</span> <span class='ocrx_word' id='word_1_483' title='bbox 1118 3867 1291 3936; x_wconf 75' lang='lat' dir='ltr'>Aaron¹⁸,lid</span> <span class='ocrx_word' id='word_1_484' title='bbox 1305 3878 1347 3923; x_wconf 89' lang='lat' dir='ltr'>est</span> <span class='ocrx_word' id='word_1_485' title='bbox 1358 3867 1385 3924; x_wconf 93' lang='lat' dir='ltr'>in</span> <span class='ocrx_word' id='word_1_486' title='bbox 1401 3868 1551 3938; x_wconf 89' lang='lat' dir='ltr'>apostolos,</span> <span class='ocrx_word' id='word_1_487' title='bbox 1563 3868 1610 3941; x_wconf 83' lang='lat' dir='ltr'>qui</span> <span class='ocrx_word' id='word_1_488' title='bbox 1621 3870 1712 3926; x_wconf 86' lang='lat' dir='ltr'>crucis</span> <span class='ocrx_word' id='word_1_489' title='bbox 1727 3870 1900 3942; x_wconf 86' lang='lat' dir='ltr'>mysterium,</span> 
     </span>
     <span class='ocr_line' id='line_1_38' title="bbox 278 3959 1906 4039; baseline 0.006 -25"><span class='ocrx_word' id='word_1_490' title='bbox 278 3975 336 4014; x_wconf 86' lang='lat' dir='ltr'>non</span> <span class='ocrx_word' id='word_1_491' title='bbox 358 3959 491 4017; x_wconf 89' lang='lat' dir='ltr'>debemus</span> <span class='ocrx_word' id='word_1_492' title='bbox 514 3961 677 4018; x_wconf 78' lang='lat' dir='ltr'>erusbescere</span> <span class='ocrx_word' id='word_1_493' title='bbox 700 3972 809 4033; x_wconf 90' lang='lat' dir='ltr'>portare</span> <span class='ocrx_word' id='word_1_494' title='bbox 830 3963 858 4018; x_wconf 91' lang='lat' dir='ltr'>in</span> <span class='ocrx_word' id='word_1_495' title='bbox 875 3963 1010 4022; x_wconf 80' lang='lat' dir='ltr'>frontibus</span> <span class='ocrx_word' id='word_1_496' title='bbox 1031 3967 1069 4022; x_wconf 90' lang='lat' dir='ltr'>si·</span> <span class='ocrx_word' id='word_1_497' title='bbox 1104 3981 1168 4037; x_wconf 87' lang='lat' dir='ltr'>per</span> <span class='ocrx_word' id='word_1_498' title='bbox 1179 3974 1298 4036; x_wconf 83' lang='lat' dir='ltr'>quatuor</span> <span class='ocrx_word' id='word_1_499' title='bbox 1312 3966 1430 4036; x_wconf 88' lang='lat' dir='ltr'>parietes</span> <span class='ocrx_word' id='word_1_500' title='bbox 1441 3966 1582 4033; x_wconf 79' lang='lat' dir='ltr'>ecclesiae,</span> <span class='ocrx_word' id='word_1_501' title='bbox 1598 3967 1625 4022; x_wconf 91' lang='lat' dir='ltr'>id</span> <span class='ocrx_word' id='word_1_502' title='bbox 1638 3977 1680 4024; x_wconf 87' lang='lat' dir='ltr'>est</span> <span class='ocrx_word' id='word_1_503' title='bbox 1693 3979 1812 4039; x_wconf 86' lang='lat' dir='ltr'>quatuor</span> <span class='ocrx_word' id='word_1_504' title='bbox 1825 3985 1906 4024; x_wconf 90' lang='lat' dir='ltr'>mun·</span> 
     </span>
     <span class='ocr_line' id='line_1_39' title="bbox 278 4051 1901 4126; baseline 0.004 -22"><span class='ocrx_word' id='word_1_505' title='bbox 278 4051 376 4122; x_wconf 71' lang='lat' dir='ltr'>pillum</span> <span class='ocrx_word' id='word_1_506' title='bbox 390 4052 528 4122; x_wconf 87' lang='lat' dir='ltr'>passionis</span> <span class='ocrx_word' id='word_1_507' title='bbox 541 4051 649 4107; x_wconf 88' lang='lat' dir='ltr'>ilomini</span> <span class='ocrx_word' id='word_1_508' title='bbox 671 4053 758 4108; x_wconf 88' lang='lat' dir='ltr'>nostri</span> <span class='ocrx_word' id='word_1_509' title='bbox 777 4051 842 4108; x_wconf 81' lang='lat' dir='ltr'>lesu</span> <span class='ocrx_word' id='word_1_510' title='bbox 859 4051 974 4122; x_wconf 89' lang='lat' dir='ltr'>Cliristi,</span> <span class='ocrx_word' id='word_1_511' title='bbox 990 4066 1017 4111; x_wconf 87' lang='lat' dir='ltr'>et</span> <span class='ocrx_word' id='word_1_512' title='bbox 1026 4066 1069 4112; x_wconf 91' lang='lat' dir='ltr'>est</span> <span class='ocrx_word' id='word_1_513' title='bbox 1118 4058 1145 4114; x_wconf 85' lang='lat' dir='ltr'>ui</span> <span class='ocrx_word' id='word_1_514' title='bbox 1159 4056 1278 4124; x_wconf 88' lang='lat' dir='ltr'>climata,</span> <span class='ocrx_word' id='word_1_515' title='bbox 1288 4055 1516 4126; x_wconf 77' lang='lat' dir='ltr'>praedicaverunt,</span> <span class='ocrx_word' id='word_1_516' title='bbox 1527 4065 1555 4110; x_wconf 93' lang='grc' dir='ltr'>ει</span> <span class='ocrx_word' id='word_1_517' title='bbox 1566 4056 1646 4111; x_wconf 90' lang='lat' dir='ltr'>tidem</span> <span class='ocrx_word' id='word_1_518' title='bbox 1661 4055 1801 4112; x_wconf 88' lang='lat' dir='ltr'>Trinitatis</span> <span class='ocrx_word' id='word_1_519' title='bbox 1819 4057 1901 4111; x_wconf 89' lang='lat' dir='ltr'>etiam</span> 
     </span>
     <span class='ocr_line' id='line_1_40' title="bbox 277 4146 1902 4220; baseline 0.003 -22"><span class='ocrx_word' id='word_1_520' title='bbox 277 4154 421 4214; x_wconf 78' lang='lat' dir='ltr'>sumptum</span> <span class='ocrx_word' id='word_1_521' title='bbox 445 4162 461 4200; x_wconf 89' lang='lat' dir='ltr'>a</span> <span class='ocrx_word' id='word_1_522' title='bbox 483 4146 617 4217; x_wconf 77' lang='lat' dir='ltr'>snruguiue</span> <span class='ocrx_word' id='word_1_523' title='bbox 641 4147 703 4218; x_wconf 84' lang='lat' dir='ltr'>agni</span> <span class='ocrx_word' id='word_1_524' title='bbox 732 4147 889 4218; x_wconf 86' lang='lat' dir='ltr'>paschalis,</span> <span class='ocrx_word' id='word_1_525' title='bbox 909 4159 1068 4220; x_wconf 80' lang='lat' dir='ltr'>quopostes</span> <span class='ocrx_word' id='word_1_526' title='bbox 1118 4148 1303 4216; x_wconf 71' lang='lat' dir='ltr'>addiderunt,</span> <span class='ocrx_word' id='word_1_527' title='bbox 1334 4146 1407 4204; x_wconf 90' lang='lat' dir='ltr'>unde</span> <span class='ocrx_word' id='word_1_528' title='bbox 1419 4148 1446 4203; x_wconf 93' lang='lat' dir='ltr'>in</span> <span class='ocrx_word' id='word_1_529' title='bbox 1460 4163 1626 4219; x_wconf 83' lang='lat' dir='ltr'>unoquoque</span> <span class='ocrx_word' id='word_1_530' title='bbox 1647 4149 1750 4219; x_wconf 86' lang='lat' dir='ltr'>pariete</span> <span class='ocrx_word' id='word_1_531' title='bbox 1765 4157 1820 4204; x_wconf 88' lang='lat' dir='ltr'>tres</span> <span class='ocrx_word' id='word_1_532' title='bbox 1834 4164 1902 4205; x_wconf 90' lang='lat' dir='ltr'>cru·</span> 
     </span>
     <span class='ocr_line' id='line_1_41' title="bbox 277 4235 1901 4312; baseline 0.005 -23"><span class='ocrx_word' id='word_1_533' title='bbox 277 4235 448 4293; x_wconf 87' lang='lat' dir='ltr'>liniebantur</span> <span class='ocrx_word' id='word_1_534' title='bbox 461 4254 495 4293; x_wconf 80' lang='lat' dir='ltr'>ex</span> <span class='ocrx_word' id='word_1_535' title='bbox 519 4239 648 4294; x_wconf 89' lang='lat' dir='ltr'>mandatu</span> <span class='ocrx_word' id='word_1_536' title='bbox 672 4239 781 4294; x_wconf 87' lang='lat' dir='ltr'>bomini</span> <span class='ocrx_word' id='word_1_537' title='bbox 800 4240 838 4293; x_wconf 80' lang='lat'>¹⁰.</span> <span class='ocrx_word' id='word_1_538' title='bbox 854 4238 1013 4297; x_wconf 82' lang='lat' dir='ltr'>Pontificem</span> <span class='ocrx_word' id='word_1_539' title='bbox 1025 4243 1068 4298; x_wconf 93' lang='lat' dir='ltr'>in·</span> <span class='ocrx_word' id='word_1_540' title='bbox 1117 4257 1164 4297; x_wconf 89' lang='lat' dir='ltr'>ces</span> <span class='ocrx_word' id='word_1_541' title='bbox 1174 4239 1374 4297; x_wconf 86' lang='lat' dir='ltr'>rationabiliter</span> <span class='ocrx_word' id='word_1_542' title='bbox 1391 4241 1598 4311; x_wconf 84' lang='lat' dir='ltr'>imprimuntur.</span> <span class='ocrx_word' id='word_1_543' title='bbox 1621 4238 1727 4296; x_wconf 88' lang='lat' dir='ltr'>lucensi</span> <span class='ocrx_word' id='word_1_544' title='bbox 1742 4239 1901 4312; x_wconf 78' lang='lat' dir='ltr'>frequento·</span> 
     </span>
     <span class='ocr_line' id='line_1_42' title="bbox 279 4330 1899 4403; baseline 0.002 -18"><span class='ocrx_word' id='word_1_545' title='bbox 279 4330 448 4401; x_wconf 68' lang='lat' dir='ltr'>gredientem</span> <span class='ocrx_word' id='word_1_546' title='bbox 474 4331 593 4401; x_wconf 89' lang='lat' dir='ltr'>populus</span> <span class='ocrx_word' id='word_1_547' title='bbox 619 4331 786 4399; x_wconf 78' lang='lat' dir='ltr'>connitatur,</span> <span class='ocrx_word' id='word_1_548' title='bbox 802 4340 832 4387; x_wconf 90' lang='lat' dir='ltr'>ut</span> <span class='ocrx_word' id='word_1_549' title='bbox 846 4331 946 4389; x_wconf 83' lang='lat' dir='ltr'>Christi</span> <span class='ocrx_word' id='word_1_550' title='bbox 964 4345 990 4390; x_wconf 90' lang='grc' dir='ltr'>ει</span> <span class='ocrx_word' id='word_1_551' title='bbox 1004 4349 1068 4391; x_wconf 90' lang='lat' dir='ltr'>sau·</span> <span class='ocrx_word' id='word_1_552' title='bbox 1116 4337 1156 4393; x_wconf 92' lang='lat' dir='ltr'>tio</span> <span class='ocrx_word' id='word_1_553' title='bbox 1166 4347 1209 4392; x_wconf 89' lang='lat' dir='ltr'>est</span> <span class='ocrx_word' id='word_1_554' title='bbox 1222 4337 1352 4391; x_wconf 90' lang='lat' dir='ltr'>continua</span> <span class='ocrx_word' id='word_1_555' title='bbox 1366 4333 1471 4390; x_wconf 81' lang='lat' dir='ltr'>Christi</span> <span class='ocrx_word' id='word_1_556' title='bbox 1484 4332 1635 4389; x_wconf 88' lang='lat' dir='ltr'>sacerdotis</span> <span class='ocrx_word' id='word_1_557' title='bbox 1648 4343 1730 4403; x_wconf 85' lang='lat' dir='ltr'>atque</span> <span class='ocrx_word' id='word_1_558' title='bbox 1749 4333 1899 4402; x_wconf 85' lang='lat' dir='ltr'>pontilicis,</span> 
     </span>
     <span class='ocr_line' id='line_1_43' title="bbox 282 4423 1899 4502; baseline 0.002 -26"><span class='ocrx_word' id='word_1_559' title='bbox 282 4431 388 4477; x_wconf 78' lang='lat' dir='ltr'>storum</span> <span class='ocrx_word' id='word_1_560' title='bbox 408 4425 579 4494; x_wconf 88' lang='lat' dir='ltr'>protectione</span> <span class='ocrx_word' id='word_1_561' title='bbox 594 4423 777 4494; x_wconf 62' lang='lat' dir='ltr'>suberectum</span> <span class='ocrx_word' id='word_1_562' title='bbox 804 4423 919 4496; x_wconf 82' lang='lat' dir='ltr'>ideoque</span> <span class='ocrx_word' id='word_1_563' title='bbox 933 4426 1067 4484; x_wconf 87' lang='lat' dir='ltr'>mediator</span> <span class='ocrx_word' id='word_1_564' title='bbox 1116 4430 1269 4502; x_wconf 89' lang='lat' dir='ltr'>pronubis,</span> <span class='ocrx_word' id='word_1_565' title='bbox 1283 4427 1354 4499; x_wconf 81' lang='lat' dir='ltr'>spuul</span> <span class='ocrx_word' id='word_1_566' title='bbox 1379 4426 1466 4483; x_wconf 85' lang='lat' dir='ltr'>Deum</span> <span class='ocrx_word' id='word_1_567' title='bbox 1481 4424 1591 4481; x_wconf 88' lang='lat' dir='ltr'>Patrem</span> <span class='ocrx_word' id='word_1_568' title='bbox 1614 4423 1813 4495; x_wconf 86' lang='lat' dir='ltr'>interpellatio;</span> <span class='ocrx_word' id='word_1_569' title='bbox 1835 4440 1899 4480; x_wconf 93' lang='lat' dir='ltr'>cru-</span> 
     </span>
     <span class='ocr_line' id='line_1_44' title="bbox 283 4514 1897 4589; baseline 0.003 -22"><span class='ocrx_word' id='word_1_570' title='bbox 283 4528 337 4583; x_wconf 89' lang='lat' dir='ltr'>pro</span> <span class='ocrx_word' id='word_1_571' title='bbox 350 4514 474 4570; x_wconf 82' lang='lat' dir='ltr'>fidelibus</span> <span class='ocrx_word' id='word_1_572' title='bbox 488 4515 652 4586; x_wconf 89' lang='lat' dir='ltr'>interpellat.</span> <span class='ocrx_word' id='word_1_573' title='bbox 674 4516 743 4572; x_wconf 80' lang='lat' dir='ltr'>Cum</span> <span class='ocrx_word' id='word_1_574' title='bbox 757 4527 848 4573; x_wconf 90' lang='lat' dir='ltr'>autem</span> <span class='ocrx_word' id='word_1_575' title='bbox 861 4518 895 4573; x_wconf 91' lang='lat' dir='ltr'>ad</span> <span class='ocrx_word' id='word_1_576' title='bbox 910 4519 1065 4589; x_wconf 87' lang='lat' dir='ltr'>sepulcrum</span> <span class='ocrx_word' id='word_1_577' title='bbox 1115 4538 1174 4581; x_wconf 83' lang='lat' dir='ltr'>cern</span> <span class='ocrx_word' id='word_1_578' title='bbox 1188 4537 1250 4580; x_wconf 92' lang='lat' dir='ltr'>cum</span> <span class='ocrx_word' id='word_1_579' title='bbox 1265 4522 1377 4578; x_wconf 88' lang='lat' dir='ltr'>incenso</span> <span class='ocrx_word' id='word_1_580' title='bbox 1391 4520 1481 4576; x_wconf 90' lang='lat' dir='ltr'>lacere</span> <span class='ocrx_word' id='word_1_581' title='bbox 1494 4527 1537 4574; x_wconf 89' lang='lat' dir='ltr'>est</span> <span class='ocrx_word' id='word_1_582' title='bbox 1547 4518 1703 4589; x_wconf 87' lang='lat' dir='ltr'>passionem</span> <span class='ocrx_word' id='word_1_583' title='bbox 1719 4515 1793 4573; x_wconf 88' lang='lat' dir='ltr'>Patri</span> <span class='ocrx_word' id='word_1_584' title='bbox 1803 4526 1897 4573; x_wconf 89' lang='lat' dir='ltr'>osten·</span> 
     </span>
     <span class='ocr_line' id='line_1_45' title="bbox 279 4608 1899 4686; baseline 0.002 -25"><span class='ocrx_word' id='word_1_585' title='bbox 279 4608 387 4663; x_wconf 77' lang='lat' dir='ltr'>seruerit</span> <span class='ocrx_word' id='word_1_586' title='bbox 411 4609 446 4664; x_wconf 91' lang='lat' dir='ltr'>ad</span> <span class='ocrx_word' id='word_1_587' title='bbox 473 4610 661 4667; x_wconf 83' lang='lat' dir='ltr'>recondendas</span> <span class='ocrx_word' id='word_1_588' title='bbox 676 4611 817 4681; x_wconf 90' lang='lat' dir='ltr'>reliquias,</span> <span class='ocrx_word' id='word_1_589' title='bbox 830 4612 958 4668; x_wconf 81' lang='lat' dir='ltr'>extendet</span> <span class='ocrx_word' id='word_1_590' title='bbox 974 4613 1063 4670; x_wconf 84' lang='lat' dir='ltr'>selum</span> <span class='ocrx_word' id='word_1_591' title='bbox 1115 4618 1190 4684; x_wconf 90' lang='lat' dir='ltr'>dere,</span> <span class='ocrx_word' id='word_1_592' title='bbox 1206 4623 1234 4672; x_wconf 89' lang='lat' dir='ltr'>et</span> <span class='ocrx_word' id='word_1_593' title='bbox 1245 4629 1296 4686; x_wconf 94' lang='lat' dir='ltr'>pro</span> <span class='ocrx_word' id='word_1_594' title='bbox 1309 4614 1389 4670; x_wconf 92' lang='lat' dir='ltr'>nobis</span> <span class='ocrx_word' id='word_1_595' title='bbox 1404 4610 1578 4682; x_wconf 87' lang='lat' dir='ltr'>interpellare</span> <span class='ocrx_word' id='word_1_596' title='bbox 1591 4627 1599 4677; x_wconf 91' lang='lat'>;</span> <span class='ocrx_word' id='word_1_597' title='bbox 1619 4610 1762 4666; x_wconf 91' lang='lat' dir='ltr'>incensum</span> <span class='ocrx_word' id='word_1_598' title='bbox 1786 4609 1899 4680; x_wconf 85' lang='lat' dir='ltr'>copiose</span> 
     </span>
     <span class='ocr_line' id='line_1_46' title="bbox 278 4680 1897 4773; baseline 0.002 -20"><span class='ocrx_word' id='word_1_599' title='bbox 278 4700 352 4754; x_wconf 82' lang='lat' dir='ltr'>inter</span> <span class='ocrx_word' id='word_1_600' title='bbox 364 4701 450 4756; x_wconf 90' lang='lat' dir='ltr'>altare</span> <span class='ocrx_word' id='word_1_601' title='bbox 468 4709 496 4756; x_wconf 91' lang='grc' dir='ltr'>ει</span> <span class='ocrx_word' id='word_1_602' title='bbox 509 4701 657 4772; x_wconf 80' lang='lat' dir='ltr'>populum3</span> <span class='ocrx_word' id='word_1_603' title='bbox 676 4703 741 4773; x_wconf 89' lang='lat' dir='ltr'>quia</span> <span class='ocrx_word' id='word_1_604' title='bbox 752 4703 812 4759; x_wconf 91' lang='lat' dir='ltr'>loca</span> <span class='ocrx_word' id='word_1_605' title='bbox 827 4704 870 4759; x_wconf 86' lang='lat' dir='ltr'>vel</span> <span class='ocrx_word' id='word_1_606' title='bbox 892 4705 990 4761; x_wconf 81' lang='lat' dir='ltr'>cubilis</span> <span class='ocrx_word' id='word_1_607' title='bbox 1003 4707 1064 4762; x_wconf 83' lang='lat' dir='ltr'>ani·</span> <span class='ocrx_word' id='word_1_608' title='bbox 1078 4680 1101 4736; x_wconf 68' lang='grc' dir='ltr'>ὓ</span> <span class='ocrx_word' id='word_1_609' title='bbox 1117 4710 1279 4766; x_wconf 83' lang='lat' dir='ltr'>comburere</span> <span class='ocrx_word' id='word_1_610' title='bbox 1296 4708 1325 4763; x_wconf 84' lang='lat' dir='ltr'>&#39;tn</span> <span class='ocrx_word' id='word_1_611' title='bbox 1340 4705 1432 4762; x_wconf 89' lang='lat' dir='ltr'>medio</span> <span class='ocrx_word' id='word_1_612' title='bbox 1447 4703 1543 4760; x_wconf 87' lang='lat' dir='ltr'>altaris</span> <span class='ocrx_word' id='word_1_613' title='bbox 1554 4711 1582 4758; x_wconf 89' lang='lat' dir='ltr'>et</span> <span class='ocrx_word' id='word_1_614' title='bbox 1600 4702 1628 4756; x_wconf 94' lang='lat' dir='ltr'>in</span> <span class='ocrx_word' id='word_1_615' title='bbox 1649 4702 1756 4773; x_wconf 75' lang='lat' dir='ltr'>angulis</span> <span class='ocrx_word' id='word_1_616' title='bbox 1772 4700 1842 4771; x_wconf 82' lang='lat' dir='ltr'>ejus,</span> <span class='ocrx_word' id='word_1_617' title='bbox 1854 4709 1897 4757; x_wconf 89' lang='lat' dir='ltr'>est</span> 
     </span>
     <span class='ocr_line' id='line_1_47' title="bbox 277 4786 1894 4872; baseline 0.002 -25"><span class='ocrx_word' id='word_1_618' title='bbox 277 4807 386 4847; x_wconf 90' lang='lat' dir='ltr'>marum</span> <span class='ocrx_word' id='word_1_619' title='bbox 401 4802 507 4849; x_wconf 79' lang='lat' dir='ltr'>secreta</span> <span class='ocrx_word' id='word_1_620' title='bbox 525 4802 590 4848; x_wconf 90' lang='lat' dir='ltr'>sunt</span> <span class='ocrx_word' id='word_1_621' title='bbox 605 4809 621 4848; x_wconf 92' lang='lat' dir='ltr'>a</span> <span class='ocrx_word' id='word_1_622' title='bbox 635 4794 742 4850; x_wconf 84' lang='lat' dir='ltr'>risione</span> <span class='ocrx_word' id='word_1_623' title='bbox 754 4795 922 4861; x_wconf 82' lang='lat' dir='ltr'>morutium,</span> <span class='ocrx_word' id='word_1_624' title='bbox 947 4797 980 4855; x_wconf 89' lang='lat' dir='ltr'>de</span> <span class='ocrx_word' id='word_1_625' title='bbox 1002 4798 1064 4870; x_wconf 85' lang='lat' dir='ltr'>oui·</span> <span class='ocrx_word' id='word_1_626' title='bbox 1116 4805 1254 4860; x_wconf 90' lang='lat' dir='ltr'>orationes</span> <span class='ocrx_word' id='word_1_627' title='bbox 1267 4816 1317 4872; x_wconf 90' lang='lat' dir='ltr'>pro</span> <span class='ocrx_word' id='word_1_628' title='bbox 1327 4786 1573 4870; x_wconf 80' lang='lat' dir='ltr'>Hierosolymitana</span> <span class='ocrx_word' id='word_1_629' title='bbox 1583 4804 1611 4851; x_wconf 88' lang='lat' dir='ltr'>et</span> <span class='ocrx_word' id='word_1_630' title='bbox 1622 4793 1768 4852; x_wconf 82' lang='lat' dir='ltr'>universali</span> <span class='ocrx_word' id='word_1_631' title='bbox 1775 4793 1894 4852; x_wconf 88' lang='lat' dir='ltr'>Ecclesia</span> 
     </span>
     <span class='ocr_line' id='line_1_48' title="bbox 277 4889 1309 4967; baseline 0.005 -22"><span class='ocrx_word' id='word_1_632' title='bbox 277 4889 333 4945; x_wconf 89' lang='lat' dir='ltr'>bus</span> <span class='ocrx_word' id='word_1_633' title='bbox 346 4900 472 4946; x_wconf 77' lang='grc' dir='ltr'><strong>εεηιειιιι</strong></span> <span class='ocrx_word' id='word_1_634' title='bbox 488 4891 781 4946; x_wconf 76' lang='lat' dir='ltr'>:exsultabuntnmeti</span> <span class='ocrx_word' id='word_1_635' title='bbox 807 4893 834 4949; x_wconf 88' lang='lat' dir='ltr'>in</span> <span class='ocrx_word' id='word_1_636' title='bbox 860 4892 957 4965; x_wconf 73' lang='lat' dir='ltr'>pluria,</span> <span class='ocrx_word' id='word_1_637' title='bbox 986 4894 1064 4951; x_wconf 84' lang='lat' dir='ltr'>ioete·</span> <span class='ocrx_word' id='word_1_638' title='bbox 1115 4895 1309 4967; x_wconf 90' lang='lat' dir='ltr'>multiplicare.</span> 
     </span>
     <span class='ocr_line' id='line_1_49' title="bbox 277 4979 1897 5057; baseline -0.001 -20"><span class='ocrx_word' id='word_1_639' title='bbox 277 4984 380 5038; x_wconf 78' lang='lat' dir='ltr'>buntur</span> <span class='ocrx_word' id='word_1_640' title='bbox 397 4986 424 5039; x_wconf 85' lang='lat' dir='ltr'>in</span> <span class='ocrx_word' id='word_1_641' title='bbox 443 4983 575 5040; x_wconf 81' lang='lat' dir='ltr'>cubilibus</span> <span class='ocrx_word' id='word_1_642' title='bbox 594 4985 650 5039; x_wconf 83' lang='lat' dir='ltr'>auis</span> <span class='ocrx_word' id='word_1_643' title='bbox 668 4985 700 5039; x_wconf 87' lang='lat'>¹¹.</span> <span class='ocrx_word' id='word_1_644' title='bbox 720 4983 822 5041; x_wconf 85' lang='lat' dir='ltr'>beimle</span> <span class='ocrx_word' id='word_1_645' title='bbox 838 4986 915 5057; x_wconf 92' lang='lat' dir='ltr'>ponit</span> <span class='ocrx_word' id='word_1_646' title='bbox 943 4987 1062 5044; x_wconf 88' lang='lat' dir='ltr'>cbrisma</span> <span class='ocrx_word' id='word_1_647' title='bbox 1149 4985 1327 5045; x_wconf 87' lang='lat' dir='ltr'>Postmodum</span> <span class='ocrx_word' id='word_1_648' title='bbox 1359 4982 1476 5040; x_wconf 89' lang='lat' dir='ltr'>lrontem</span> <span class='ocrx_word' id='word_1_649' title='bbox 1504 4980 1602 5053; x_wconf 88' lang='lat' dir='ltr'>lapidis</span> <span class='ocrx_word' id='word_1_650' title='bbox 1627 4980 1655 5037; x_wconf 93' lang='lat' dir='ltr'>in</span> <span class='ocrx_word' id='word_1_651' title='bbox 1674 4981 1785 5038; x_wconf 88' lang='lat' dir='ltr'>modum</span> <span class='ocrx_word' id='word_1_652' title='bbox 1805 4979 1897 5037; x_wconf 89' lang='lat' dir='ltr'>erucis</span> 
     </span>
     <span class='ocr_line' id='line_1_50' title="bbox 276 5070 1893 5150; baseline -0.005 -16"><span class='ocrx_word' id='word_1_653' title='bbox 276 5079 307 5134; x_wconf 76' lang='lat' dir='ltr'>in</span> <span class='ocrx_word' id='word_1_654' title='bbox 330 5077 513 5146; x_wconf 79' lang='lat' dir='ltr'>consessione,</span> <span class='ocrx_word' id='word_1_655' title='bbox 535 5093 586 5150; x_wconf 30' lang='lat' dir='ltr'>,per</span> <span class='ocrx_word' id='word_1_656' title='bbox 609 5087 727 5148; x_wconf 85' lang='lat' dir='ltr'>quatuor</span> <span class='ocrx_word' id='word_1_657' title='bbox 743 5078 857 5150; x_wconf 76' lang='lat' dir='ltr'>angulos</span> <span class='ocrx_word' id='word_1_658' title='bbox 874 5079 901 5134; x_wconf 92' lang='lat' dir='ltr'>in</span> <span class='ocrx_word' id='word_1_659' title='bbox 915 5094 1005 5146; x_wconf 90' lang='lat' dir='ltr'>cruce,</span> <span class='ocrx_word' id='word_1_660' title='bbox 1020 5080 1063 5136; x_wconf 91' lang='lat' dir='ltr'>di·</span> <span class='ocrx_word' id='word_1_661' title='bbox 1114 5079 1369 5149; x_wconf 74' lang='lat' dir='ltr'>unpetcpiscopus,</span> <span class='ocrx_word' id='word_1_662' title='bbox 1385 5075 1479 5132; x_wconf 86' lang='lat' dir='ltr'>dicens</span> <span class='ocrx_word' id='word_1_663' title='bbox 1499 5089 1507 5126; x_wconf 74' lang='grc' dir='ltr'><strong>ε</strong></span> <span class='ocrx_word' id='word_1_664' title='bbox 1532 5072 1667 5144; x_wconf 75' lang='lat' dir='ltr'>Comum</span> <span class='ocrx_word' id='word_1_665' title='bbox 1687 5073 1746 5141; x_wconf 79' lang='lat' dir='ltr'>troc,</span> <span class='ocrx_word' id='word_1_666' title='bbox 1764 5072 1835 5127; x_wconf 81' lang='lat' dir='ltr'>Deus</span> <span class='ocrx_word' id='word_1_667' title='bbox 1852 5070 1893 5137; x_wconf 81' lang='lat'>¹’;</span> 
     </span>
     <span class='ocr_line' id='line_1_51' title="bbox 225 5165 1897 5247; baseline -0.006 -20"><span class='ocrx_word' id='word_1_668' title='bbox 225 5183 226 5189; x_wconf 74' lang='grc'>’</span> <span class='ocrx_word' id='word_1_669' title='bbox 275 5186 345 5227; x_wconf 83' lang='lat' dir='ltr'>cens</span> <span class='ocrx_word' id='word_1_670' title='bbox 364 5189 371 5226; x_wconf 78' lang='grc' dir='ltr'><strong>ι</strong></span> <span class='ocrx_word' id='word_1_671' title='bbox 390 5170 579 5240; x_wconf 79' lang='lat' dir='ltr'>Sesictificemr</span> <span class='ocrx_word' id='word_1_672' title='bbox 600 5173 649 5224; x_wconf 80' lang='lat' dir='ltr'>lios</span> <span class='ocrx_word' id='word_1_673' title='bbox 668 5171 827 5244; x_wconf 83' lang='lat' dir='ltr'>sepulcrum,</span> <span class='ocrx_word' id='word_1_674' title='bbox 848 5172 875 5227; x_wconf 89' lang='lat' dir='ltr'>in</span> <span class='ocrx_word' id='word_1_675' title='bbox 889 5174 993 5227; x_wconf 83' lang='lat' dir='ltr'>siemine</span> <span class='ocrx_word' id='word_1_676' title='bbox 1005 5172 1061 5227; x_wconf 85' lang='lat' dir='ltr'>Pa·</span> <span class='ocrx_word' id='word_1_677' title='bbox 1113 5176 1178 5247; x_wconf 84' lang='lat' dir='ltr'>quio</span> <span class='ocrx_word' id='word_1_678' title='bbox 1196 5172 1341 5237; x_wconf 86' lang='lat' dir='ltr'>Christus,</span> <span class='ocrx_word' id='word_1_679' title='bbox 1361 5168 1404 5226; x_wconf 81' lang='lat' dir='ltr'>rel</span> <span class='ocrx_word' id='word_1_680' title='bbox 1417 5167 1475 5239; x_wconf 89' lang='lat' dir='ltr'>ipsa</span> <span class='ocrx_word' id='word_1_681' title='bbox 1491 5165 1612 5224; x_wconf 85' lang='lat' dir='ltr'>Ecclesia</span> <span class='ocrx_word' id='word_1_682' title='bbox 1627 5165 1734 5220; x_wconf 85' lang='lat' dir='ltr'>Patrem</span> <span class='ocrx_word' id='word_1_683' title='bbox 1756 5170 1851 5219; x_wconf 85' lang='lat' dir='ltr'>exorat</span> <span class='ocrx_word' id='word_1_684' title='bbox 1864 5170 1897 5217; x_wconf 92' lang='lat' dir='ltr'>ut</span> 
     </span>
     <span class='ocr_line' id='line_1_52' title="bbox 276 5253 1893 5338; baseline -0.006 -18"><span class='ocrx_word' id='word_1_685' title='bbox 276 5268 349 5333; x_wconf 83' lang='lat' dir='ltr'>sris,</span> <span class='ocrx_word' id='word_1_686' title='bbox 367 5277 393 5320; x_wconf 85' lang='lat' dir='ltr'>et</span> <span class='ocrx_word' id='word_1_687' title='bbox 411 5265 490 5333; x_wconf 81' lang='lat' dir='ltr'>Filii,</span> <span class='ocrx_word' id='word_1_688' title='bbox 508 5276 533 5321; x_wconf 82' lang='lat' dir='ltr'>et</span> <span class='ocrx_word' id='word_1_689' title='bbox 547 5263 665 5335; x_wconf 82' lang='lat' dir='ltr'>Spiritus</span> <span class='ocrx_word' id='word_1_690' title='bbox 678 5266 774 5333; x_wconf 77' lang='lat' dir='ltr'>suncti,</span> <span class='ocrx_word' id='word_1_691' title='bbox 799 5265 828 5322; x_wconf 91' lang='lat' dir='ltr'>id</span> <span class='ocrx_word' id='word_1_692' title='bbox 853 5277 896 5323; x_wconf 88' lang='lat' dir='ltr'>cst</span> <span class='ocrx_word' id='word_1_693' title='bbox 917 5266 1059 5322; x_wconf 80' lang='lat' dir='ltr'>firmentur</span> <span class='ocrx_word' id='word_1_694' title='bbox 1111 5266 1337 5338; x_wconf 80' lang='lat' dir='ltr'>redemptionem,</span> <span class='ocrx_word' id='word_1_695' title='bbox 1351 5276 1434 5336; x_wconf 88' lang='lat' dir='ltr'>quam</span> <span class='ocrx_word' id='word_1_696' title='bbox 1447 5269 1574 5332; x_wconf 89' lang='lat' dir='ltr'>operatus</span> <span class='ocrx_word' id='word_1_697' title='bbox 1590 5266 1643 5325; x_wconf 90' lang='lat' dir='ltr'>est,</span> <span class='ocrx_word' id='word_1_698' title='bbox 1665 5258 1723 5327; x_wconf 89' lang='lat' dir='ltr'>ipse</span> <span class='ocrx_word' id='word_1_699' title='bbox 1740 5253 1893 5321; x_wconf 82' lang='lat' dir='ltr'>confirmet,</span> 
     </span>
     <span class='ocr_line' id='line_1_53' title="bbox 276 5346 1924 5433; baseline -0.006 -21"><span class='ocrx_word' id='word_1_700' title='bbox 276 5358 358 5413; x_wconf 91' lang='lat' dir='ltr'>nobis</span> <span class='ocrx_word' id='word_1_701' title='bbox 388 5359 440 5413; x_wconf 81' lang='lat' dir='ltr'>ista</span> <span class='ocrx_word' id='word_1_702' title='bbox 471 5357 571 5414; x_wconf 82' lang='lat' dir='ltr'>cubilis</span> <span class='ocrx_word' id='word_1_703' title='bbox 593 5358 621 5413; x_wconf 92' lang='lat' dir='ltr'>in</span> <span class='ocrx_word' id='word_1_704' title='bbox 646 5366 808 5428; x_wconf 90' lang='lat' dir='ltr'>perpetuum</span> <span class='ocrx_word' id='word_1_705' title='bbox 838 5366 947 5429; x_wconf 91' lang='lat' dir='ltr'>propter</span> <span class='ocrx_word' id='word_1_706' title='bbox 977 5357 1058 5414; x_wconf 90' lang='lat' dir='ltr'>tidem</span> <span class='ocrx_word' id='word_1_707' title='bbox 1111 5360 1185 5417; x_wconf 88' lang='lat' dir='ltr'>unde</span> <span class='ocrx_word' id='word_1_708' title='bbox 1196 5359 1238 5426; x_wconf 76' lang='grc' dir='ltr'><strong>ιιι,</strong></span> <span class='ocrx_word' id='word_1_709' title='bbox 1253 5358 1326 5430; x_wconf 86' lang='lat' dir='ltr'>quod</span> <span class='ocrx_word' id='word_1_710' title='bbox 1339 5354 1466 5427; x_wconf 90' lang='lat' dir='ltr'>baptizati</span> <span class='ocrx_word' id='word_1_711' title='bbox 1477 5352 1772 5417; x_wconf 60' lang='lat' dir='ltr'>contii-mantumque</span> <span class='ocrx_word' id='word_1_712' title='bbox 1786 5346 1894 5402; x_wconf 92' lang='lat' dir='ltr'>redem·</span> <span class='ocrx_word' id='word_1_713' title='bbox 1918 5420 1924 5433; x_wconf 32' lang='lat'><strong>¹</strong></span> 
     </span>
    </p>
   </div>
   <div class='ocr_carea' id='block_1_3' title="bbox 275 5434 1894 5708">
    <p class='ocr_par' dir='ltr' id='par_1_3' title="bbox 275 5434 1894 5708">
     <span class='ocr_line' id='line_1_54' title="bbox 277 5434 1894 5525; baseline -0.008 -20"><span class='ocrx_word' id='word_1_714' title='bbox 277 5452 413 5522; x_wconf 89' lang='lat' dir='ltr'>passionis</span> <span class='ocrx_word' id='word_1_715' title='bbox 433 5450 554 5519; x_wconf 80' lang='lat' dir='ltr'>Christi,</span> <span class='ocrx_word' id='word_1_716' title='bbox 569 5466 653 5522; x_wconf 86' lang='lat' dir='ltr'>quam</span> <span class='ocrx_word' id='word_1_717' title='bbox 680 5449 848 5520; x_wconf 74' lang='lat' dir='ltr'>praedicastis</span> <span class='ocrx_word' id='word_1_718' title='bbox 871 5466 922 5523; x_wconf 91' lang='lat' dir='ltr'>per</span> <span class='ocrx_word' id='word_1_719' title='bbox 941 5460 1059 5522; x_wconf 86' lang='lat' dir='ltr'>quatuor</span> <span class='ocrx_word' id='word_1_720' title='bbox 1111 5453 1169 5525; x_wconf 89' lang='lat' dir='ltr'>ptio</span> <span class='ocrx_word' id='word_1_721' title='bbox 1180 5451 1284 5522; x_wconf 87' lang='lat' dir='ltr'>coepita</span> <span class='ocrx_word' id='word_1_722' title='bbox 1296 5448 1398 5519; x_wconf 88' lang='lat' dir='ltr'>templo</span> <span class='ocrx_word' id='word_1_723' title='bbox 1410 5453 1506 5503; x_wconf 90' lang='lat' dir='ltr'>sancto</span> <span class='ocrx_word' id='word_1_724' title='bbox 1519 5441 1592 5513; x_wconf 86' lang='lat' dir='ltr'>quod</span> <span class='ocrx_word' id='word_1_725' title='bbox 1607 5446 1650 5495; x_wconf 88' lang='lat' dir='ltr'>est</span> <span class='ocrx_word' id='word_1_726' title='bbox 1663 5437 1690 5493; x_wconf 93' lang='lat' dir='ltr'>in</span> <span class='ocrx_word' id='word_1_727' title='bbox 1703 5434 1894 5504; x_wconf 70' lang='lat' dir='ltr'>Hierusalem</span> 
     </span>
     <span class='ocr_line' id='line_1_55' title="bbox 276 5531 1893 5617; baseline -0.007 -18"><span class='ocrx_word' id='word_1_728' title='bbox 276 5545 388 5600; x_wconf 87' lang='lat' dir='ltr'>climata</span> <span class='ocrx_word' id='word_1_729' title='bbox 408 5544 514 5599; x_wconf 86' lang='lat' dir='ltr'>mundi.</span> <span class='ocrx_word' id='word_1_730' title='bbox 547 5542 647 5599; x_wconf 84' lang='lat' dir='ltr'>Deinde</span> <span class='ocrx_word' id='word_1_731' title='bbox 673 5543 751 5615; x_wconf 89' lang='lat' dir='ltr'>ponit</span> <span class='ocrx_word' id='word_1_732' title='bbox 777 5554 833 5600; x_wconf 88' lang='lat' dir='ltr'>tres</span> <span class='ocrx_word' id='word_1_733' title='bbox 850 5545 990 5616; x_wconf 89' lang='lat' dir='ltr'>portiones</span> <span class='ocrx_word' id='word_1_734' title='bbox 1013 5545 1057 5602; x_wconf 91' lang='lat' dir='ltr'>in·</span> <span class='ocrx_word' id='word_1_735' title='bbox 1110 5544 1175 5617; x_wconf 84' lang='lat' dir='ltr'>quia</span> <span class='ocrx_word' id='word_1_736' title='bbox 1190 5544 1267 5601; x_wconf 82' lang='lat' dir='ltr'>selus</span> <span class='ocrx_word' id='word_1_737' title='bbox 1281 5542 1408 5598; x_wconf 81' lang='lat' dir='ltr'>bumanas</span> <span class='ocrx_word' id='word_1_738' title='bbox 1421 5546 1527 5594; x_wconf 89' lang='lat' dir='ltr'>naturae</span> <span class='ocrx_word' id='word_1_739' title='bbox 1537 5531 1755 5606; x_wconf 87' lang='lat' dir='ltr'>coepitinmcdio</span> <span class='ocrx_word' id='word_1_740' title='bbox 1764 5542 1845 5588; x_wconf 78' lang='lat' dir='ltr'>terre</span> <span class='ocrx_word' id='word_1_741' title='bbox 1856 5532 1893 5599; x_wconf 75' lang='lat'>⁸⁹.</span> 
     </span>
     <span class='ocr_line' id='line_1_56' title="bbox 275 5622 1891 5708; baseline -0.009 -17"><span class='ocrx_word' id='word_1_742' title='bbox 275 5636 362 5703; x_wconf 86' lang='lat' dir='ltr'>censi,</span> <span class='ocrx_word' id='word_1_743' title='bbox 377 5636 455 5707; x_wconf 86' lang='lat' dir='ltr'>quasi</span> <span class='ocrx_word' id='word_1_744' title='bbox 471 5635 554 5702; x_wconf 92' lang='lat' dir='ltr'>dicat,</span> <span class='ocrx_word' id='word_1_745' title='bbox 569 5643 597 5692; x_wconf 90' lang='lat' dir='ltr'>et</span> <span class='ocrx_word' id='word_1_746' title='bbox 608 5651 705 5691; x_wconf 88' lang='lat' dir='ltr'>rursus</span> <span class='ocrx_word' id='word_1_747' title='bbox 719 5634 842 5691; x_wconf 86' lang='lat' dir='ltr'>tirmetur</span> <span class='ocrx_word' id='word_1_748' title='bbox 856 5636 935 5694; x_wconf 90' lang='lat' dir='ltr'>nobis</span> <span class='ocrx_word' id='word_1_749' title='bbox 954 5632 1057 5708; x_wconf 83' lang='lat' dir='ltr'>quodi</span> <span class='ocrx_word' id='word_1_750' title='bbox 1110 5636 1152 5692; x_wconf 83' lang='lat' dir='ltr'>vel</span> <span class='ocrx_word' id='word_1_751' title='bbox 1163 5650 1178 5691; x_wconf 83' lang='lat' dir='ltr'>s</span> <span class='ocrx_word' id='word_1_752' title='bbox 1188 5633 1298 5705; x_wconf 88' lang='lat' dir='ltr'>templo,</span> <span class='ocrx_word' id='word_1_753' title='bbox 1310 5633 1336 5689; x_wconf 92' lang='lat' dir='ltr'>id</span> <span class='ocrx_word' id='word_1_754' title='bbox 1351 5639 1393 5687; x_wconf 90' lang='lat' dir='ltr'>est</span> <span class='ocrx_word' id='word_1_755' title='bbox 1406 5627 1526 5694; x_wconf 87' lang='lat' dir='ltr'>Christo,</span> <span class='ocrx_word' id='word_1_756' title='bbox 1540 5625 1568 5681; x_wconf 91' lang='lat' dir='ltr'>in</span> <span class='ocrx_word' id='word_1_757' title='bbox 1580 5638 1635 5697; x_wconf 90' lang='lat' dir='ltr'>quo</span> <span class='ocrx_word' id='word_1_758' title='bbox 1647 5623 1798 5681; x_wconf 79' lang='lat' dir='ltr'>divinitatis</span> <span class='ocrx_word' id='word_1_759' title='bbox 1811 5622 1891 5681; x_wconf 87' lang='lat' dir='ltr'>babi-</span> 
     </span>
    </p>
   </div>
   <div class='ocr_carea' id='block_1_4' title="bbox 274 5822 1889 6040">
    <p class='ocr_par' dir='ltr' id='par_1_4' title="bbox 274 5822 1889 6040">
     <span class='ocr_line' id='line_1_57' title="bbox 311 5822 1889 5928; baseline 0.003 -54"><span class='ocrx_word' id='word_1_760' title='bbox 311 5840 406 5898; x_wconf 64' lang='lat' dir='ltr'>aeus.</span> <span class='ocrx_word' id='word_1_761' title='bbox 424 5841 451 5896; x_wconf 81' lang='lat' dir='ltr'>s.</span> <span class='ocrx_word' id='word_1_762' title='bbox 487 5837 589 5895; x_wconf 67' lang='lat' dir='ltr'>unu.</span> <span class='ocrx_word' id='word_1_763' title='bbox 603 5839 647 5895; x_wconf 79' lang='lat' dir='ltr'>rs.</span> <span class='ocrx_word' id='word_1_764' title='bbox 683 5837 778 5894; x_wconf 79' lang='lat' dir='ltr'>0uuu.</span> <span class='ocrx_word' id='word_1_765' title='bbox 799 5837 825 5893; x_wconf 89' lang='grc' dir='ltr'>ι.</span> <span class='ocrx_word' id='word_1_766' title='bbox 862 5837 1014 5896; x_wconf 70' lang='lat' dir='ltr'>*neuun</span> <span class='ocrx_word' id='word_1_767' title='bbox 1069 5835 1181 5915; x_wconf 52' lang='grc' dir='ltr'>ηερ.</span> <span class='ocrx_word' id='word_1_768' title='bbox 1202 5836 1229 5894; x_wconf 84' lang='lat' dir='ltr'>s.</span> <span class='ocrx_word' id='word_1_769' title='bbox 1284 5833 1397 5893; x_wconf 83' lang='lat' dir='ltr'>·suuu.</span> <span class='ocrx_word' id='word_1_770' title='bbox 1419 5833 1472 5901; x_wconf 86' lang='grc' dir='ltr'>ιι,</span> <span class='ocrx_word' id='word_1_771' title='bbox 1501 5828 1598 5888; x_wconf 74' lang='lat' dir='ltr'>uasis.</span> <span class='ocrx_word' id='word_1_772' title='bbox 1621 5828 1668 5886; x_wconf 84' lang='lat' dir='ltr'>so.</span> <span class='ocrx_word' id='word_1_773' title='bbox 1706 5827 1729 5862; x_wconf 81' lang='lat'>¹·</span> <span class='ocrx_word' id='word_1_774' title='bbox 1743 5823 1828 5928; x_wconf 39' lang='grc' dir='ltr'><strong>εδει.</strong></span> <span class='ocrx_word' id='word_1_775' title='bbox 1844 5822 1889 5879; x_wconf 83' lang='lat' dir='ltr'>rs.</span> 
     </span>
     <span class='ocr_line' id='line_1_58' title="bbox 274 5895 1889 6040; baseline -0.018 -59"><span class='ocrx_word' id='word_1_776' title='bbox 274 5909 814 6040; x_wconf 48' lang='lat' dir='ltr'>isimeui‘uiuii³¹&#39;··⁷⁵isui&#39;.⁸iuis*</span> <span class='ocrx_word' id='word_1_777' title='bbox 829 5909 875 5966; x_wconf 83' lang='lat' dir='ltr'>ss.</span> <span class='ocrx_word' id='word_1_778' title='bbox 913 5913 936 5943; x_wconf 78' lang='lat'>¹·</span> <span class='ocrx_word' id='word_1_779' title='bbox 953 5909 1037 5967; x_wconf 77' lang='lat' dir='ltr'>rsus.</span> <span class='ocrx_word' id='word_1_780' title='bbox 1077 5909 1121 5966; x_wconf 73' lang='lat' dir='ltr'>et</span> <span class='ocrx_word' id='word_1_781' title='bbox 1137 5908 1200 5967; x_wconf 75' lang='lat' dir='ltr'>cur.</span> <span class='ocrx_word' id='word_1_782' title='bbox 1224 5907 1268 5965; x_wconf 84' lang='lat' dir='ltr'>ra.</span> <span class='ocrx_word' id='word_1_783' title='bbox 1308 5909 1331 6040; x_wconf 57' lang='lat' dir='ltr'>s·</span> <span class='ocrx_word' id='word_1_784' title='bbox 1346 5906 1414 5963; x_wconf 81' lang='lat' dir='ltr'>suu.</span> <span class='ocrx_word' id='word_1_785' title='bbox 1437 5904 1484 5966; x_wconf 82' lang='lat' dir='ltr'>er.</span> <span class='ocrx_word' id='word_1_786' title='bbox 1521 5903 1543 5937; x_wconf 72' lang='lat'>¹¹</span> <span class='ocrx_word' id='word_1_787' title='bbox 1558 5900 1654 5961; x_wconf 75' lang='lat' dir='ltr'>uuiti.</span> <span class='ocrx_word' id='word_1_788' title='bbox 1679 5899 1723 5956; x_wconf 84' lang='lat' dir='ltr'>rs.</span> <span class='ocrx_word' id='word_1_789' title='bbox 1814 5895 1889 5952; x_wconf 77' lang='lat' dir='ltr'>suut.</span> 
     </span>
    </p>
   </div>
   <div class='ocr_carea' id='block_1_5' title="bbox 0 0 2180 6709">
    <p class='ocr_par' dir='ltr' id='par_1_5' title="bbox 0 0 2180 6709">
     <span class='ocr_line' id='line_1_59' title="bbox 0 0 2180 6709; baseline 0 4"><span class='ocrx_word' id='word_1_790' title='bbox 0 0 2180 6709; x_wconf 95' lang='lat' dir='ltr'> </span> 
     </span>
    </p>
   </div>
  </div>
 </body>
</html>
