4350 6709
350 561 403 620 sss
696 543 701 553 ‘
880 560 1017 618 stcsuot
1036 560 1280 619 cauuoasssts
1300 560 1455 618 setscoet
1898 560 1968 617 aaa

351 679 452 751 Casius
468 677 678 734 Mediolanensis
701 678 850 734 historicus
865 680 917 735 suh
934 680 1044 734 nomine
1066 679 1176 735 Aieardi
1200 679 1339 749 animosis
1356 695 1447 733 eoram
1463 686 1620 748 tenrporam,
1643 677 1786 734 Sicaraurn
1812 689 1968 731 memorare

352 752 447 806 soleris
464 768 470 803 :
486 764 566 819 quem
584 763 705 803 errorem
718 750 741 803 si
757 750 784 804 in
799 751 983 831 typographos
995 751 1108 819 rejicere
1120 750 1196 810 selis,
1220 765 1273 803 non
1291 749 1421 818 impedio.
1444 747 1514 804 Sunt
1527 749 1608 804 etalii
1630 758 1735 804 ueteres
1749 748 1795 816 nui
1818 761 1833 801 a
1851 743 1969 802 Sicardo

353 821 580 876 exclamationem
595 819 665 873 hauc
679 821 794 874 tnutuati
810 837 836 873 m
853 836 917 875 snas
934 820 1061 875 historias
1084 821 1243 875 intulerant.
1260 818 1343 890 Atqui
1359 820 1481 874 eatnrlcm
1507 821 1616 875 totidem
1634 818 1724 873 serbis
1746 818 1827 873 habet
1847 815 1968 872 Chroni-

354 905 405 945 con
424 889 574 943 atestinum
587 891 620 943 ad
637 906 738 945 aunum
751 891 829 945 tttd.
846 890 931 956 Quam
944 891 1118 946 concordiam
1134 904 1225 947 rerum
1245 890 1290 944 uhi
1302 891 1438 960 perspexi,
1453 890 1505 944 etsi
1521 890 1680 961 chronologi
1699 904 1798 944 nomen
1814 902 1867 942 non
1884 902 1970 958 appa·

354 971 435 1019 reret,
451 960 523 1013 hunc
538 969 626 1014 tanren
644 961 726 1016 aliurn
743 978 757 1015 a
776 960 889 1015 Sicardn
901 977 961 1017 esse
972 975 1026 1015 non
1041 976 1122 1031 posse
1135 962 1243 1016 tandem
1255 962 1349 1016 statui.

389 1028 571 1094 Quatrtobrem
584 1031 681 1086 litteris
694 1035 782 1086 detrun
796 1047 877 1099 supra
892 1033 1031 1086 laudatum
1044 1029 1260 1087 eruditissimum
1274 1031 1405 1086 Caesareae
1414 1031 1585 1087 bibliothecae
1599 1030 1755 1100 praelectam
1770 1029 1964 1094 Gentilnttum,

352 1115 425 1154 ntrrre
453 1101 650 1168 amplissimum
677 1100 865 1156 Tridentinum
890 1101 1060 1171 episcopum,
1078 1102 1204 1167 conteni,
1224 1102 1359 1172 simulque
1386 1101 1509 1157 Estensis
1524 1100 1653 1156 Chronici
1678 1102 1818 1170 eaeurplar
1843 1101 1876 1154 ad
1903 1115 1967 1154 eum

353 1170 428 1235 misi,
442 1181 473 1224 ιιι
491 1172 659 1240 perspiceret
673 1183 764 1226 atrum
782 1188 844 1226 cum
861 1170 1067 1228 i'indobonensi
1097 1171 1192 1229 codice
1220 1172 1296 1242 paria
1317 1173 1553 1242 complectemur.
1580 1168 1628 1225 illc
1652 1173 1777 1226 errnrdem
1805 1172 1970 1240 scriptorem

354 1241 498 1309 utrobique
513 1240 701 1310 deprehendit,
715 1256 870 1312 quanquam
889 1243 958 1297 inter
970 1258 1000 1296 se
1015 1243 1042 1296 in
1060 1241 1200 1297 nonnullis
1216 1243 1324 1297 codices
1342 1243 1538 1313 discreparent.
1556 1239 1645 1307 Qrtare
1660 1251 1689 1296 ut
1706 1251 1748 1296 est
1769 1243 1796 1296 in
1812 1242 1904 1295 omnia
1917 1241 1971 1295 hn-

352 1313 493 1366 ruanrtatis
507 1310 593 1365 officia
616 1328 729 1381 pronus,
750 1315 828 1366 ucuia
842 1312 912 1367 lacta
934 1314 1177 1382 alrhugustissimo
1193 1312 1376 1367 Primanorum
1391 1313 1555 1383 imperatore
1567 1309 1665 1367 Carula
1682 1311 1730 1376 vt,
1747 1313 1863 1382 lattjusce
1878 1310 1971 1366 Crtlle-

353 1382 452 1435 ctionis
467 1397 533 1436 meae
553 1393 669 1451 patrono
691 1383 913 1448 clementissimo,
934 1384 1066 1439 Caesareae
1094 1384 1266 1439 bibliothecae
1289 1382 1411 1439 codicem
1433 1399 1448 1439 a
1468 1393 1589 1452 tettmore
1613 1382 1702 1438 Caroli
1724 1382 1811 1452 hlagni
1830 1397 1919 1452 arsque
1934 1381 1970 1436 ad

353 1453 434 1504 tirum
451 1453 659 1506 describendum
679 1454 794 1514 curarit,
811 1452 886 1509 etad
906 1468 949 1508 me
964 1454 1095 1509 continuo
1116 1452 1210 1518 misit,
1233 1467 1289 1522 prro
1312 1453 1378 1508 mihi
1401 1454 1572 1524 inpromptu
1594 1462 1667 1507 essct
1684 1453 1718 1508 de
1740 1455 1791 1508 hoe
1806 1462 1970 1523 argumento

352 1519 469 1574 lecturas
483 1522 718 1576 commonefacere
740 1524 835 1579 tutius.
860 1521 899 1577 En
921 1539 987 1593 ergo
1009 1540 1069 1592 quae
1083 1523 1274 1579 animadverti.
1294 1520 1513 1581 vindobonensis
1528 1522 1612 1578 codex
1629 1539 1726 1592 purum
1742 1533 1836 1593 putum
1860 1521 1968 1576 Sicanii

352 1591 508 1646 Clunnicon
524 1595 644 1656 exhibet,
662 1594 837 1648 dcductnma
857 1594 996 1649 creatione
1009 1596 1103 1648 mnndi
1118 1596 1150 1648 ad
1169 1609 1271 1648 antrum
1294 1592 1372 1647 lidi.
1392 1593 1498 1664 Prologi
1517 1593 1623 1659 titulus,
1640 1594 1760 1648 uriniatis
1775 1592 1871 1647 litteris
1886 1592 1969 1646 ellor-

352 1672 453 1723 ntatns,
473 1663 508 1715 ab
530 1663 606 1717 hisce
628 1664 718 1717 uerbis
741 1664 884 1717 exordium
906 1667 990 1718 sumit
1002 1684 1008 1718 z
1022 1663 1122 1735 Incipit
1139 1662 1270 1733 Prologus
1285 1680 1362 1733 saper
1375 1663 1547 1727 Claronicam,
1563 1680 1621 1732 grae
1636 1675 1675 1716 est
1690 1681 1706 1717 a
1720 1667 1815 1716 domno
1829 1660 1968 1732 Sgphurdo

353 1730 522 1785 Cicirronensi
545 1735 666 1801 episcopo
689 1733 769 1787 edita.
801 1732 896 1786 Rerum
919 1733 1029 1789 Creator
1052 1736 1169 1788 omniunt
1191 1743 1215 1788 el
1241 1735 1330 1804 opilea
1350 1735 1501 1788 earumdem
1528 1750 1608 1802 genas
1631 1732 1774 1787 ltumauunt
1796 1735 1825 1786 iu
1845 1750 1876 1786 ea
1900 1742 1971 1796 sorte

352 1801 459 1864 locauit,
472 1811 500 1853 at
513 1804 563 1855 sibi
580 1805 693 1856 uicissim
716 1805 821 1868 uiuant,
837 1812 890 1859 etc.
908 1802 976 1858 Tuus
992 1804 1122 1859 Clrroniei
1141 1805 1248 1859 initium
1265 1805 1301 1860 ita
1320 1819 1350 1860 se
1372 1804 1453 1858 habet
1469 1822 1476 1859 ι
1490 1805 1577 1857 aldam
1595 1805 1703 1858 rtontina
1726 1804 1801 1858 rebus
1821 1804 1968 1872 imposuit,

352 1873 384 1924 de
407 1873 482 1939 cujus
510 1883 582 1925 costa
598 1874 715 1942 [cantata
728 1886 765 1928 est
780 1873 846 1939 Eua,
862 1875 894 1928 de
912 1892 963 1946 grta
978 1885 1067 1944 gesturi
1081 1874 1159 1940 Cain,
1177 1885 1230 1930 etc.
1252 1873 1354 1929 Exinde
1379 1873 1545 1929 breviarium
1577 1874 1686 1928 exhibet
1706 1882 1762 1927 tum
1780 1889 1884 1938 sacrae,
1910 1884 1970 1926 tum

352 1940 476 2010 prolatus
491 1943 611 1998 lrrstnriae
625 1959 712 2014 usque
727 1945 759 1999 ad
775 1955 896 2012 ternpora
911 1946 969 2000 Caii
989 1944 1053 1999 iulii
1077 1944 1209 2010 Caesaris,
1232 1959 1293 2014 quae
1316 1955 1405 2000 mmcn
1426 1945 1641 2014 onniautpore
1666 1945 1768 1998 nullius
1790 1959 1850 2000 aero
1872 1953 1969 1998 nostro

353 2027 431 2077 usus,
452 2013 616 2081 perlibenter
630 2016 688 2068 suis
702 2015 728 2067 in
747 2013 864 2070 tenebris
878 2017 969 2086 jacere
985 2032 1044 2070 sum
1058 2030 1165 2084 passus.
1179 2013 1276 2070 Postea
1290 2024 1402 2084 uterquc
1413 2014 1507 2079 codes,
1519 2015 1645 2069 videlicet
1658 2012 1799 2071 Caesareus
1818 2030 1850 2070 ac
1870 2012 1970 2069 Esten·

354 2083 407 2143 sis,
424 2082 481 2151 pari
498 2086 644 2137 cntrcordia
668 2088 763 2139 lucres
784 2083 970 2139 Romanorum
996 2087 1191 2155 imperatorum
1222 2083 1315 2150 Vitas,
1341 2095 1424 2154 atoue
1445 2085 1541 2140 iisdem
1563 2085 1670 2150 veritis,
1691 2086 1910 2154 crtrnplectuntur
1935 2082 1970 2138 ad

354 2166 457 2206 antrum
477 2169 565 2223 usqtre
579 2155 659 2221 lits,
673 2156 700 2209 in
716 2171 795 2225 qttcm
812 2156 911 2210 desiuit
933 2154 1066 2209 Estensis.
1084 2154 1147 2210 lhec
1167 2164 1259 2211 antem
1278 2157 1348 2211 inter
1369 2169 1417 2209 eos
1430 2155 1580 2213 drllcrcntia
1598 2155 1751 2218 intercedit,
1770 2157 1844 2226 quod
1865 2154 1971 2210 codicis

353 2220 478 2277 Estcrrsis
491 2223 648 2280 Cluunicon
662 2225 758 2280 eodem
773 2226 885 2291 sateuln,
900 2242 954 2295 quer
971 2226 1101 2281 Sisardus
1117 2227 1214 2280 eritis
1228 2229 1356 2291 excessit,
1377 2225 1568 2293 interpolatum
1582 2235 1624 2281 cst
1638 2224 1674 2280 ab
1686 2241 1822 2296 annrrynro
1836 2225 1969 2296 qarodam.

354 2307 435 2363 qrrem
449 2294 536 2363 patria
554 2293 715 2364 Regicuscm
733 2307 812 2365 put0;
826 2295 917 2365 aliqua
932 2297 1005 2350 enirn
1021 2297 1213 2360 intermiscuit,
1235 2295 1357 2351 labalosa
1374 2295 1452 2365 plene
1471 2304 1553 2366 atque
1568 2295 1760 2361 -essibilanda;
1784 2312 1815 2350 ac
1839 2304 1970 2378 praeterea

353 2367 477 2434 agnetam
493 2369 526 2419 ad
541 2381 618 2434 stages
634 2365 841 2435 errrgohsrdos,
858 2375 886 2421 et
897 2366 948 2420 alia
964 2375 1102 2437 postremo
1116 2367 1176 2422 loco
1190 2367 1224 2420 ad
1237 2367 1373 2422 ciuitatem
1389 2364 1548 2437 Regiensem
1563 2366 1711 2434 spectantia
1724 2407 1732 2428 ,
1747 2381 1779 2421 ac
1795 2365 1969 2436 potissimum

353 2434 466 2489 austrina
484 2436 629 2492 consulum
655 2451 688 2491 ac
713 2445 877 2505 potestatum
903 2437 978 2493 illius
998 2436 1075 2491 urbis
1099 2437 1209 2504 adjecit.
1236 2436 1314 2505 Quod
1337 2436 1467 2507 pleraque
1489 2439 1546 2492 hec
1572 2437 1757 2491 additamenta
1780 2432 1950 2505 carneades-ius

352 2505 482 2568 lectores,
497 2516 527 2561 at
539 2519 616 2578 puto,
630 2507 709 2562 iacile
726 2507 793 2561 milri
817 2508 978 2577 ignosceat;
1003 2506 1113 2577 putidas
1128 2508 1201 2562 euim
1226 2506 1333 2563 lattulas
1354 2522 1434 2560 neruo
1458 2506 1518 2561 sani
1538 2505 1635 2575 capltis
1655 2515 1737 2561 annet.
1761 2505 1828 2574 Quae
1848 2520 1914 2562 tero

353 2574 468 2660 Regium
480 2575 574 2648 Lepidi
589 2579 740 2647 pertinent,
755 2577 826 2631 inira
841 2578 901 2631 luco
915 2591 978 2644 suo,
995 2580 1047 2633 hoc
1060 2587 1104 2632 est
1116 2577 1143 2632 in
1154 2576 1400 2644 alteroChronico,
1414 2591 1428 2630 a
1442 2592 1485 2632 mc
1497 2576 1593 2632 Lector
1604 2575 1728 2646 accipiet.

391 2645 444 2700 bed
458 2649 524 2702 illud
542 2648 570 2702 in
592 2649 688 2718 primis
705 2648 974 2703 animaduertendum
991 2658 1032 2703 est
1048 2649 1075 2702 in
1089 2647 1143 2702 hoc
1156 2648 1312 2717 discrepare
1335 2648 1405 2701 intcr
1426 2662 1456 2702 se
1475 2648 1583 2702 cortices
1598 2648 1675 2711 istos,
1696 2647 1767 2715 grtod
1783 2644 1917 2702 nrtnnulla
1939 2645 1969 2701 iu

352 2716 479 2773 Atestino
493 2719 683 2775 desiderentur
694 2734 756 2788 ottae
772 2734 798 2771 ra
818 2717 944 2773 Caesareo
959 2726 1109 2774 occurrunt
1121 2735 1129 2783 ;
1142 2727 1170 2774 et
1184 2717 1306 2773 vicissim
1321 2716 1415 2772 halteri
1430 2717 1457 2770 in
1474 2716 1580 2772 Estensi
1597 2719 1683 2772 multo
1702 2717 1779 2788 plura
1794 2732 1856 2788 quae
1867 2718 1971 2773 lrustrs

354 2788 382 2842 in
399 2787 527 2843 Caesareo
542 2789 678 2860 requiras.
694 2793 785 2858 ttrqae
802 2788 829 2843 id
855 2789 1027 2857 potissimum
1044 2789 1194 2858 perspicias
1219 2788 1246 2841 in
1271 2789 1307 2843 iis
1331 2803 1392 2858 qttae
1414 2786 1546 2843 Sicardus
1569 2785 1692 2842 Estcnsis
1712 2797 1805 2842 rsarrat
1830 2790 1864 2843 de
1886 2786 1972 2857 gestis

355 2874 407 2912 suo
422 2866 546 2927 tempore
560 2860 586 2913 io
601 2859 741 2915 Orientea
758 2860 967 2927 crucesignatis.
992 2857 1057 2915 ilaec
1073 2860 1201 2914 eumdem
1219 2856 1363 2929 ¹Sicardum
1382 2859 1481 2913 hahere
1500 2868 1639 2912 auctorem
1662 2859 1708 2928 qtri
1729 2856 1971 2929 peregrinantium

356 2928 384 2982 in
400 2943 460 2982 eam
474 2929 611 3000 regionem
634 2945 694 2985 sese
715 2930 887 2999 adjunxerat.
907 2933 941 2984 st
956 2930 990 2985 iis
1004 2930 1038 2985 dc
1061 2930 1143 2984 rebus
1161 2933 1253 3018 neypd
1267 2929 1377 3000 quidem
1391 2926 1581 3051 catrrplectitur
1594 2927 1724 2982 Sient-dus
1739 2927 1970 2987 vindobonensis.

355 2995 435 3053 Unde
450 3008 542 3053 autem
554 2999 688 3054 effluxerit
705 2999 900 3056 dissimilitudo
913 3000 966 3054 ista
979 3001 1050 3056 inter
1064 3000 1187 3070 eiusdem
1208 3000 1336 3056 Citronici
1356 3013 1454 3068 exemp
1464 2999 1533 3064 aria,
1556 2999 1579 3054 si
1601 2999 1665 3068 puis
1679 3009 1763 3068 petat,
1780 2998 1971 3068 corricctursm

354 3069 531 3124 baneiacam
548 3084 710 3139 responsum
729 3071 838 3126 haheat.
857 3068 895 3125 tu
908 3068 980 3124 inira
994 3071 1155 3137 edisserant,
1183 3071 1284 3142 duplex
1307 3069 1461 3126 Cluouicon
1485 3076 1546 3138 post
1566 3085 1596 3125 se
1617 3069 1727 3139 relicuit
1749 3070 1879 3124 Sicsrdus
1912 3066 1973 3122 ea.»

355 3154 452 3194 saccus
466 3140 552 3194 codes
567 3156 651 3195 utrum
665 3141 855 3196 tantummodo
868 3141 1067 3211 complectitur,
1086 3142 1168 3213 quale
1188 3143 1222 3197 ab
1241 3142 1293 3195 huc
1311 3151 1423 3195 acuere
1444 3154 1592 3210 procusum
1609 3148 1661 3205 est,
1690 3141 1742 3195 hoc
1773 3139 1893 3195 estsine
1914 3138 1974 3192 allo

354 3224 470 3279 prorsru
484 3211 682 3267 additamento.
696 3212 798 3267 Contra
811 3209 934 3268 Estctrsis
954 3212 1055 3267 codicis
1077 3212 1205 3282 scriptor,
1226 3211 1326 3281 qrrtppe
1347 3212 1405 3282 qui,
1424 3220 1454 3265 ut
1474 3211 1607 3279 conjicio.
1629 3225 1682 3263 uon
1706 3208 1895 3270 strumensis,
1924 3207 1972 3263 sed

355 3283 478 3335 auctricis
493 3282 606 3352 gloriam
623 3291 838 3346 consectaretur,
852 3282 879 3336 in
896 3297 977 3336 asum
991 3297 1084 3344 suum,
1105 3292 1204 3354 praeter
1226 3296 1329 3351 grarrcas
1353 3283 1471 3336 aliorum
1494 3281 1642 3344 historias,
1662 3279 1727 3334 illud
1751 3281 1840 3349 ipsum
1863 3277 1971 3334 Sicaodi

355 3348 512 3407 Cinonicon
526 3367 652 3423 magnam
666 3364 770 3423 partem
787 3354 814 3406 in
830 3369 907 3408 suam
928 3353 1031 3408 invexit
1055 3352 1214 3416 Historiam,
1229 3368 1261 3408 ac
1275 3362 1406 3422 praeterea
1418 3367 1450 3407 es
1464 3353 1551 3406 altero
1566 3351 1689 3421 ejusdem
1704 3350 1842 3406 Chronico
1856 3349 1971 3405 lacinias

355 3422 460 3491 aligrsot
474 3424 619 3491 decerpsit,
643 3438 748 3494 suoque
763 3425 839 3493 operi
860 3424 1019 3479 immiscuit.
1041 3424 1080 3480 Eu
1102 3425 1183 3494 igitur
1200 3438 1285 3493 quare
1301 3423 1410 3479 uberior
1433 3422 1570 3477 interdum
1592 3436 1625 3476 ac
1644 3421 1726 3475 ditior
1742 3421 1868 3476 videatur
1884 3421 1972 3474 histo·

356 3495 433 3548 ricus
447 3503 541 3548 noster
561 3495 591 3548 in
610 3495 705 3550 codice
718 3493 827 3550 Esteusi
841 3509 923 3562 quam
939 3495 967 3547 in
982 3497 1119 3551 Caesareo.
1134 3493 1192 3548 Dixi
1204 3494 1341 3564 geminum
1356 3493 1515 3548 Chronicon
1531 3493 1615 3547 rideri
1635 3492 1701 3545 utihi
1718 3507 1732 3544 a
1751 3492 1865 3545 Sicardo
1883 3487 1971 3546 luisse

356 3564 563 3635 conscriptum;
580 3565 661 3634 lnrjus
674 3566 746 3620 etaim
767 3565 806 3619 rei
831 3565 960 3620 irlorrcum
981 3576 1077 3623 testem
1101 3565 1214 3620 laudare
1233 3579 1346 3634 possum
1369 3562 1557 3619 Gualvancum
1580 3564 1614 3617 de
1633 3561 1657 3615 la
1673 3560 1796 3616 Flamma
1815 3575 1900 3630 supra
1915 3574 1971 3615 ure·

356 3644 505 3701 saturatum,
520 3637 567 3706 gui
588 3637 697 3690 circiter
718 3651 821 3691 annum
836 3634 941 3691 Christi
964 3637 1032 3692 tata
1052 3637 1177 3701 hor-chat,
1193 3649 1226 3689 ac
1239 3632 1406 3703 dlanipalasn
1422 3631 1543 3699 Floreat,
1557 3634 1613 3687 sire
1626 3631 1836 3687 ldcrholancnsis
1851 3632 1972 3686 historiae

356 3702 528 3761 Brerrarium
544 3706 738 3762 concinnabat.
764 3704 804 3760 lta
822 3705 867 3761 ille
888 3709 921 3761 ad
944 3722 1046 3763 arrrsum
1067 3707 1137 3763 titt
1151 3705 1246 3760 scribit
1261 3723 1268 3758 :
1284 3704 1342 3761 isto
1361 3721 1430 3760 mino
1465 3703 1591 3758 sicardus
1612 3720 1626 3756 e
1644 3705 1747 3773 iscapus
1768 3703 1970 3767 Cremonensis,

355 3776 401 3845 gai
419 3775 528 3831 dlitrale
548 3787 572 3830 et
594 3776 752 3832 Claronicans
774 3777 980 3845 pulcherrimam
994 3779 1150 3849 coraposait,
1170 3778 1199 3830 in
1220 3775 1333 3829 bomine
1347 3776 1470 3830 moritur.
1487 3771 1598 3829 Rectius
1620 3719 1729 3829 Cecissct
1746 3772 1936 3836 Gtrslraneus,
1948 3771 1972 3826 si

356 3847 385 3900 iu
404 3848 614 3917 subsequentem
635 3863 737 3902 arrisum
755 3847 824 3903 itte
840 3847 945 3903 Sicardi
960 3850 1064 3904 obitam
1085 3847 1235 3917 rejecisset.
1260 3847 1313 3900 sed
1332 3847 1406 3916 qrrod
1422 3860 1496 3899 narrc
1507 3846 1709 3914 querebamus,
1723 3844 1808 3908 rides,
1824 3842 1971 3898 sicardum

356 3916 411 3972 duo
424 3916 533 3973 diuersa
555 3933 637 3986 opera
653 3919 838 3983 contexuisse,
854 3919 967 3974 alterum
985 3918 1122 3974 Chronica
1144 3933 1193 3973 seu
1207 3915 1331 3971 Cironiei
1349 3916 1429 3971 titulo
1441 3914 1621 3981 distinctum
1642 3915 1758 3969 alterum
1779 3928 1845 3969 sero
1865 3912 1974 3966 Nitrata

357 3998 556 4056 rrurrcupatum.
582 3987 643 4044 Non
663 3989 753 4044 minus
763 3989 836 4043 istud
850 4004 933 4059 quam
944 3991 1010 4045 illud
1025 3990 1156 4044 historica
1168 3985 1254 4041 luisse
1270 3987 1452 4056 complexam,
1465 3985 1532 4041 mihi
1547 4000 1677 4056 perquam
1693 3983 1841 4039 verisimile
1857 3994 1898 4038 est
1913 3983 1970 4052 (s);

358 4066 415 4113 tam
427 4059 501 4127 guod
517 4058 635 4126 llitrale,
652 4072 706 4113 nou
725 4059 895 4127 pontiticum,
910 4062 958 4116 sed
970 4063 1160 4129 imperatorum
1173 4056 1238 4112 alibi
1260 4072 1275 4111 a
1293 4057 1450 4112 Cualraneu
1468 4057 1639 4125 apportatur,
1661 4065 1718 4110 tum
1739 4054 1822 4109 etiam
1841 4054 1916 4124 quod
1937 4053 1972 4134 ab

356 4128 453 4184 eodem
469 4129 625 4183 linalraneo
639 4129 757 4190 llitrale,
772 4145 826 4182 nrrn
845 4144 925 4184 sectis
937 4147 971 4187 ac
983 4131 1142 4195 Chrorrieon,
1158 4136 1189 4183 ut
1204 4127 1274 4182 liber
1289 4127 1438 4183 historicus
1450 4128 1550 4183 citatur
1562 4136 1589 4181 at
1611 4142 1644 4181 ne
1660 4125 1814 4180 adhibetur.
1830 4122 1971 4179 Fortassis

357 4197 385 4250 in
409 4212 466 4253 uuo
482 4214 516 4253 es
537 4200 571 4254 iis
594 4200 672 4255 libris
699 4198 772 4253 Vitas
795 4201 994 4267 imperatorum,
1010 4194 1574 4268 inalterot'erollontanorarapontificum
1591 4142 1691 4263 littae,
1719 4205 1802 4265 atque
1827 4193 1971 4250 historiam

356 4269 534 4335 potissimum
546 4271 762 4326 ecclesiasticam
778 4269 860 4324 luerit
873 4282 1043 4340 persecutas.

392 4337 487 4409 ltaque
502 4342 529 4395 in
543 4341 649 4397 edetrdo
663 4341 714 4397 hoc
725 4354 808 4410 opere
819 4341 978 4411 hujusmodi
992 4344 1101 4398 ratione
1114 4355 1175 4396 sum
1191 4357 1268 4398 usus.
1282 4340 1483 4411 dimissisque
1498 4338 1668 4392 rrattrtutem
1681 4335 1789 4391 bomini
1802 4334 1971 4405 praecedunt,

357 4411 619 4481 utpotesuperlluis,
633 4411 738 4467 codicis
754 4409 878 4468 Esmnsis
892 4420 996 4470 testum
1012 4415 1135 4484 produco
1154 4411 1190 4467 ab
1214 4412 1275 4482 ejas
1296 4412 1410 4466 exordio
1430 4423 1517 4479 usqae
1536 4406 1570 4462 ad
1589 4406 1680 4463 Caroli
1706 4407 1795 4478 ilagni
1812 4407 1971 4487 imperium.

356 4480 521 4537 Canariaenta
535 4483 571 4536 ibi
588 4497 682 4551 sparsa
695 4490 789 4551 atoue,
805 4492 835 4537 ut
850 4490 927 4552 puto,
943 4499 959 4539 a
977 4483 1104 4555 Regiensi
1124 4483 1347 4539 cotrsarcinatore
1360 4481 1475 4551 adjecta,
1489 4478 1587 4534 sustuli
1600 4495 1609 4543 ;
1621 4479 1734 4548 reliquis
1749 4488 1841 4532 autern
1864 4478 1973 4530 addita·

358 4554 475 4616 ruentis.
502 4553 525 4608 ει
545 4569 598 4622 qrta
617 4562 697 4620 suut,
717 4554 848 4622 peperci,
865 4565 914 4609 sut
932 4556 1006 4625 quod
1021 4555 1134 4608 minime
1149 4552 1341 4608 ridebautara
1357 4550 1462 4607 Sicardi
1484 4550 1590 4605 calamo
1612 4549 1722 4614 aliena,
1744 4557 1792 4602 aut
1814 4547 1889 4618 quod
1917 4559 1972 4600 noa

357 4623 466 4679 inutilia
480 4626 550 4680 scitu
566 4626 644 4679 dusi.
660 4623 689 4679 ln
704 4625 799 4680 etttlettt
813 4635 904 4679 autem
918 4627 1013 4681 ardice
1033 4623 1140 4680 Esterrsi
1164 4639 1216 4679 ms.
1240 4639 1272 4680 ac
1290 4626 1498 4678 membranaceo
1521 4620 1637 4674 alterum
1655 4618 1814 4673 Chronicon
1827 4616 1971 4679 babetur,

358 4694 493 4751 hacteuus
509 4696 642 4751 ineditam
660 4695 742 4765 cujus
757 4698 921 4750 mentonem
937 4694 989 4751 leci
1006 4697 1032 4750 in
1049 4694 1210 4750 Prael‘atione
1230 4695 1263 4749 ad
1285 4693 1460 4749 Godelridum
1481 4688 1679 4749 Vitetbictssettt
1699 4690 1749 4764 (ὅ).
1771 4688 1846 4746 illins
1861 4687 1972 4745 aradaei

358 4768 452 4834 accipe
468 4784 475 4819 ε
493 4764 592 4835 lttcipit
606 4765 685 4820 Liber
695 4767 727 4821 de
740 4767 910 4835 uniporilns,
926 4777 951 4820 et
966 4767 1099 4822 aetatibus.
1114 4765 1196 4820 Breve
1212 4765 1394 4833 compendium
1410 4761 1548 4819 collectum
1563 4781 1595 4818 ea
1609 4766 1691 4819 uariis
1709 4765 1856 4824 chrorricts,
1879 4770 1906 4814 et
1926 4777 1973 4830 per

358 4836 478 4888 ordinem
491 4837 621 4906 digestans
639 4838 671 4891 de
690 4835 861 4906 temporibus,
881 4839 909 4891 iu
925 4837 1019 4907 galias
1032 4838 1156 4891 sederant
1172 4839 1235 4889 certi
1255 4837 1391 4905 pontifices
1402 4834 1526 4902 Romanii,
1541 4846 1566 4889 et
1579 4837 1747 4905 imperatores
1765 4835 1972 4902 irnperauerant,

358 4919 430 4973 reges
444 4917 627 4975 regnaverunt,
638 4908 760 4963 sederant
771 4907 864 4979 liegirn
878 4909 1025 4977 pontifices,
1039 4908 1158 4961 consules
1169 4915 1194 4960 et
1208 4916 1359 4975 potestates.
1372 4903 1512 4960 ciuitatem
1529 4905 1656 4977 Reginam
1672 4912 1804 4968 recerunt,
1819 4915 1873 4958 cte.
1887 4915 1972 4970 quam

358 4986 525 5045 postremam
542 4989 659 5049 partem,
673 4980 748 5033 lturrc
760 4980 868 5034 titulum
883 4980 1071 5049 preferentem
1096 4977 1249 5032 hennum
1269 4986 1429 5044 potestatam
1447 4976 1626 5047 Regiertaiaru,
1641 4985 1670 5029 ut
1684 4991 1770 5045 nuper
1788 4989 1849 5028 satu
1865 4973 1972 5042 pollici·

359 5055 415 5107 tus.
428 5048 509 5102 edere
522 5064 573 5104 suo
589 5051 648 5104 loco
663 5050 805 5105 corastitui.
821 5047 970 5104 Exordium
979 5059 1074 5104 autem
1091 5048 1166 5103 ducit
1181 5049 1239 5103 hac
1254 5046 1372 5102 ilistoria
1389 5049 1423 5101 ab
1436 5058 1497 5101 ortu
1518 5046 1636 5112 Christi,
1655 5055 1683 5101 et
1697 5046 1753 5101 lere
1770 5054 1825 5099 tuta
1847 5055 1973 5098 uersatur

358 5118 387 5169 iu
404 5114 471 5171 Vitis
484 5108 672 5174 Rornanorum
689 5121 859 5188 pontihcum,
875 5136 945 5188 quas
957 5131 1046 5174 tamen
1063 5120 1174 5175 easdem
1196 5134 1257 5173 esse
1278 5118 1444 5187 deprehendi
1462 5133 1495 5172 ac
1517 5118 1632 5188 rnlgatae
1649 5117 1701 5172 sub
1713 5114 1851 5170 Artastasii
1868 5113 1972 5167 biblia·

358 5187 473 5243 tlrecarii
491 5192 612 5256 trotarinc,
635 5190 682 5245 sed
705 5190 865 5260 plerumque
880 5193 1028 5246 tiresiatus.
1045 5188 1074 5243 ιιι
1097 5205 1146 5245 ora
1163 5190 1268 5244 codicis
1282 5189 1413 5244 historica
1432 5187 1557 5257 quiedam
1572 5188 1758 5243 additamenta
1779 5193 1969 5254 apporurntur,

357 5256 392 5311 ad
408 5271 558 5332 utartyrum
571 5261 706 5331 praecipue
718 5260 889 5330 aliorumque
903 5274 1061 5316 sauctorum
1078 5259 1238 5314 memoriam
1254 5263 1428 5325 seruandam,
1443 5261 1514 5312 inter
1528 5273 1589 5327 que
1603 5257 1734 5312 rsonnulla
1748 5257 1815 5310 milri
1826 5275 1841 5309 c
1854 5251 1972 5309 Scardo

357 5329 503 5398 desutttpta
522 5329 608 5387 luisse
633 5334 805 5388 ridebantur.
828 5331 894 5386 ilem
911 5348 967 5388 una
981 5331 1107 5400 exemplo
1120 5333 1272 5386 οειειιιιιιιι.
1289 5331 1329 5384 td
1348 5327 1438 5383 Vitam
1457 5326 1595 5384 batuasil
1616 5344 1691 5399 papae
1714 5327 1772 5381 haec
1796 5326 1823 5379 in
1849 5325 1974 5446 nrargiue

356 5400 525 5468 adjiciuntur
538 5420 545 5455 :
560 5401 610 5456 tiu
624 5402 783 5470 ternporilas
800 5401 911 5458 Damasi
926 5418 1013 5473 papae.
1035 5400 1220 5455 Valentiniano
1240 5410 1266 5455 et
1289 5399 1396 5456 Valente
1413 5397 1636 5469 imperatoribus,
1653 5414 1723 5451 anno
1742 5395 1855 5452 recaredo
1876 5394 1912 5446 la
1925 5409 1973 5447 eu-

359 5471 468 5536 tinsaai,
494 5475 636 5539 bantasas,
651 5484 675 5526 et
697 5476 850 5543 paulopost
870 5473 984 5529 llrsiaas
997 5473 1126 5527 diaeonus
1147 5469 1238 5526 Roma
1259 5471 1365 5541 [aeram
1381 5471 1513 5539 episcopi,·
1527 5469 1571 5521 sed
1596 5468 1736 5538 ornentur
1754 5469 1896 5522 Damasus.
1919 5462 1973 5516 flas

358 5538 656 5608 mintriunt-Liberium,
673 5555 698 5598 et
713 5543 861 5598 antrallaait
878 5561 953 5598 ontne
969 5545 1039 5608 asad
1054 5543 1163 5612 lecerat.
1180 5543 1257 5595 Anna
1275 5558 1291 5596 r
1314 5540 1493 5595 Valentiniani
1517 5536 1640 5592 Hilarius
1656 5537 1832 5592 Pistoriensis
1846 5536 1972 5589 ntaritar.

357 5611 435 5664 durio
449 5628 497 5679 stt,
513 5615 642 5670 tt'aseiius
660 5614 828 5670 vercellensis
845 5617 1058 5671 haesitandum
1079 5629 1117 5677 st,
1132 5613 1307 5678 Ambrosias,
1333 5627 1392 5665 carn
1409 5619 1476 5665 esset
1491 5607 1709 5673 catechumenas,
1727 5606 1872 5663 Mediolani
1883 5605 1975 5659 adsa-

357 5686 505 5743 eerdotiam
523 5688 685 5754 postulatas,
701 5685 884 5753 multiplieiter
898 5687 1044 5757 [egistius
1065 5681 1250 5738 Valentiniano
1272 5683 1369 5754 legitur
1395 5680 1529 5735 audiuisse
1552 5697 1561 5728 ι
1586 5677 1650 5734 Noli
1675 5682 1782 5742 timere,
1800 5680 1864 5749 qaia
1890 5674 1974 5739 bam,

356 5753 403 5820 gai
414 5753 490 5825 elegit
504 5766 539 5819 te,
560 5759 615 5827 ipse
638 5767 663 5810 te
680 5758 838 5826 adjuratam
854 5767 879 5811 et
900 5773 947 5826 ego
961 5757 1072 5826 adjutor
1093 5765 1117 5809 et
1141 5754 1263 5824 deffensor
1286 5765 1346 5807 taras
1365 5766 1466 5833 semper
1478 5750 1603 5804 existam.
1621 5748 1783 5805 »Posthac
1801 5754 1975 5803 conuersus

357 5824 505 5896 manupae.
521 5827 564 5881 ιιι
577 5838 639 5882 tanc
653 5825 738 5882 ltalia
752 5827 787 5881 ad
808 5828 886 5898 p'dern
899 5828 1072 5890 eonmrtitar,
1093 5833 1118 5879 et
1140 5824 1320 5894 Aquileienses
1335 5821 1426 5876 clerice
1439 5821 1518 5891 quasi
1539 5819 1632 5875 choras
1652 5830 1818 5889 sanctorem,
1830 5817 1973 5872 laletttsr.

394 5948 433 6014 tt)
445 5942 511 6002 Post
522 5944 626 6003 editam
639 5963 722 6018 supra
736 5945 841 6004 Sieardi
862 5945 977 6011 llitrnle,
991 5942 1171 6001 ilar-utorium
1185 5945 1229 5999 hic
1243 5941 1357 6001 omuino
1370 5938 1469 5996 laisum
1484 5951 1546 5996 esse
1561 5953 1642 5996 acmo
1658 5953 1711 5995 non
1724 5936 1807 5996 ridet.
1819 5933 1901 5991 lists.

394 6015 433 6087 (ὃ)
451 6014 516 6073 i'idc
526 6015 689 6090 Patrologioe
704 6029 770 6075 tom.
785 6017 922 6075 ctt'tttt.
