4350 6709
296 523 345 582 'dil

895 528 1056 586 lllSTObl.l
1073 529 1315 592 abutuubsttltl.
1395 572 1402 579 ,

1868 538 1922 595 7⁰2

294 640 361 698 dum
375 641 509 696 ordinavit
520 642 554 698 de
568 644 677 716 negotio
696 655 859 701 memorato.
877 645 979 702 Statuit
994 648 1081 719 siqui·
1098 651 1120 709 Α
1135 664 1218 719 snper
1234 649 1496 712 Tarusconcnsibns.
1516 650 1581 705 viris
1600 650 1710 720 pan-buta
1731 662 1758 707 et
1780 652 1923 724 malignis²

294 735 356 790 dem
369 743 396 789 et
407 736 535 806 providit,
551 738 622 807 quod
641 737 740 794 Tolosa
755 740 862 806 civitas,
879 749 906 796 et
926 742 986 796 alie
1001 749 1080 796 terrae

293 842 310 882 a
335 828 534 899 crucesignatis
568 830 708 896 obtentu,
737 835 954 888 concederentur
986 835 1079 890 conniti

293 918 484 987 llontislortis,
506 923 597 990 quiin
622 925 750 993 praedicto
772 928 881 997 negotio
909 929 1024 982 viriliter
1052 942 1080 985 et

292 1010 411 1064 fideliter
426 1012 560 1067 laboravit
572 1030 653 1083 supra
671 1031 767 1072 omnes
781 1035 788 1082 ;
808 1029 908 1073 terram
919 1034 985 1074 vero
996 1036 1078 1089 qnam

291 1118 386 1159 comes
401 1092 555 1161 Tolosanus
583 1108 715 1162 habuerat
731 1109 757 1162 in
779 1108 933 1168 Provincia.
947 1111 1079 1167 custodiri

290 1196 379 1249 voluit
393 1211 517 1252 summus
531 1199 665 1268 pontifex,
683 1209 711 1255 ιιι
725 1203 757 1255 de
768 1203 813 1256 illa
826 1205 902 1257 lieret
917 1206 1036 1274 provisio
1050 1207 1077 1261 iu

291 1299 369 1357 parte
384 1290 426 1345 nel
454 1291 481 1344 in
501 1301 567 1353 toto,
596 1293 653 1347 lulio
679 1295 743 1350 dicti
767 1297 877 1352 comitis
893 1296 1031 1365 Tolosani,
1053 1301 1077 1356 si

291 1387 382 1430 tamen
399 1393 446 1448 per
461 1391 535 1434 certa
562 1382 699 1437 linlclitatis
724 1393 750 1437 et
766 1383 843 1437 bona
858 1387 1077 1442 contrcrsationis

290 1473 403 1540 indicia,
427 1478 583 1532 ostenderet
603 1494 632 1534 se
661 1479 847 1536 misericordia
866 1483 977 1552 dignum
1005 1499 1076 1541 esse.

292 1566 344 1620 Sed
359 1584 442 1637 qnam
459 1570 530 1623 male
556 1572 682 1640 praedicta
697 1588 727 1626 se
751 1573 907 1640 habuerint,
920 1586 948 1629 et
959 1576 1077 1646 qualiter

289 1663 506 1717 miscricordiam
521 1664 547 1718 in
563 1665 661 1720 «lurum
679 1665 731 1721 sibi
741 1667 876 1723 convertit
886 1668 1032 1739 judicium,
1048 1671 1076 1726 ιιι

289 1756 468 1823 sequentibus
482 1757 666 1814 ostendemus.

258 1828 270 1849 ”
325 1846 391 1902 Post
410 1849 524 1903 reditmn
544 1856 701 1905 nuntiorum
726 1868 867 1909 suoruma
885 1855 1012 1920 octacilio,
1029 1872 1076 1912 co-

1132 744 1338 799 senescbalcum
1365 743 1475 799 comitis
1497 743 1696 812 llantislortis,
1719 745 1874 817 militesque
1892 756 1920 804 ct

1131 834 1291 901 servientes,
1306 834 1352 904 qni
1378 850 1440 889 cum
1454 834 1527 888 dicto
1548 837 1724 891 seneschalco
1739 837 1918 894 munitionem

1131 927 1285 993 servabant,
1299 928 1325 982 in
1342 928 1399 998 ipsa
1410 926 1561 981 munitione
1572 928 1689 994 obsedit,
1701 929 1838 999 coepitque
1847 929 1920 984 acri·

1133 1029 1172 1075 ter
1193 1021 1362 1092 impugnare.
1383 1022 1443 1090 Quo
1466 1023 1569 1086 audito,
1592 1021 1681 1077 Guido
1705 1022 1789 1079 lrater
1809 1025 1919 1084 contritis

1131 1113 1320 1182 llontislortis,
1340 1127 1367 1173 et
1386 1117 1539 1174 almaricus
1565 1119 1651 1189 ipsius
1670 1121 1777 1177 comitis
1809 1123 1915 1191 primo·
1950 1140 1953 1154 ·

1130 1207 1249 1276 genitus,
1266 1209 1412 1279 caeterique
1433 1211 1550 1264 barones
1566 1212 1673 1267 comitis
1694 1221 1720 1266 et
1742 1210 1855 1276 milites,
1867 1214 1916 1285 qul

1129 1305 1207 1351 crant
1220 1298 1247 1351 in
1265 1301 1390 1367 partibus
1420 1299 1574 1366 Tolosanis,
1598 1301 1760 1359 festinanter
1781 1315 1916 1362 venerunt

1129 1403 1224 1444 versus
1236 1388 1449 1460 belliquadrum,
1467 1402 1496 1446 nt
1510 1392 1578 1457 stris,
1590 1393 1614 1447 si
1631 1403 1753 1463 possent,
1772 1411 1917 1451 succurre-

1128 1491 1190 1535 rent
1200 1482 1331 1538 obsessis.
1349 1483 1412 1538 brat
1424 1495 1514 1538 antem
1533 1500 1595 1540 curn
1628 1486 1668 1540 eis
1682 1487 1845 1543 vettet·abilis
1858 1487 1916 1557 epi-

1128 1589 1228 1642 scopus
1243 1574 1421 1630 Carcassonar
1446 1575 1545 1638 Guido,
1573 1577 1620 1647 qui
1643 1576 1715 1632 sicut
1739 1580 1912 1648 sepedictum

1128 1675 1179 1730 est,
1194 1674 1252 1719 erat
1272 1667 1298 1720 iu
1314 1665 1376 1721 tidei
1394 1667 1503 1736 negotio
1516 1676 1590 1723 totns
1605 1671 1715 1725 ardens.
1741 1669 1846 1727 lntcrea
1870 1688 1915 1729 cu·

1127 1772 1186 1813 mes
1209 1757 1397 1811 nobilissimus
1436 1756 1616 1816 lloutislortis
1653 1777 1715 1815 cum
1741 1760 1915 1818 testinatione

1128 1849 1253 1904 veniebat
1264 1865 1278 1902 a
1291 1847 1404 1904 Francia
1418 1866 1424 1901 :
1440 1849 1592 1905 adducebat
1603 1860 1694 1907 autem
1710 1867 1803 1908 secum
1821 1854 1912 1924 plures
2008 1843 2021 1871 ”

288 1956 347 1996 mes
363 1940 551 2008 llontislortis,
567 1943 600 1997 de
614 1944 785 2012 prelatorum
801 1955 881 2000 terrm
908 1947 1073 2017 albigensis,
1127 1942 1239 2005 milites,
1253 1956 1323 2011 quos
1343 1942 1451 2012 magnis
1468 1942 1612 2012 stipendiis
1624 1945 1777 2000 conductos
1792 1955 1914 2003 traxerat

286 2040 315 2088 et
327 2033 462 2089 baronum
479 2050 590 2089 snorum
605 2035 732 2102 consilio,
746 2039 866 2104 perrexit
879 2037 906 2092 in
928 2037 1071 2094 l'ranciam
1089 2018 1110 2072 B
1124 2051 1139 2089 ι
1152 2034 1278 2088 Francia.
1292 2032 1472 2103 Properantes
1491 2034 1579 2090 Guido
1593 2035 1677 2091 frater
1693 2037 1813 2103 comitis,
1825 2038 1913 2093 etAl·

286 2127 479 2183 abdominum
496 2144 575 2184 suum
593 2143 695 2199 regem,
714 2138 744 2184 ut
759 2131 794 2185 ab
809 2146 842 2185 eo
855 2138 954 2185 terram
968 2132 1074 2202 recipe·
1124 2128 1245 2182 muricus
1261 2126 1334 2182 tilius
1349 2127 1418 2195 ejns,
1435 2143 1532 2183 versus
1550 2127 1765 2198 belliquadrum,
1777 2141 1913 2186 venerunt

286 2229 338 2288 rct,
354 2221 459 2291 quade
472 2221 552 2277 leudo
567 2223 628 2291 ejus
643 2233 717 2289 erat;
742 2234 863 2293 quantus
876 2231 966 2278 antem
984 2225 1073 2281 latinor
1122 2217 1288 2274 Nemausum
1303 2219 1450 2285 civitatem,
1470 2236 1531 2289 qum
1546 2220 1654 2275 distata
1669 2230 1761 2277 castro
1776 2221 1913 2293 Belliqua-

284 2313 312 2368 ei
323 2312 462 2368 exhibitus
477 2313 504 2367 in
518 2312 633 2368 Francia
657 2330 707 2369 nec
725 2331 740 2368 a
765 2315 844 2370 nobis
860 2314 954 2380 scribi,
972 2331 1022 2370 ιιι
1038 2318 1084 2394 ιι),
1122 2312 1164 2366 dri
1177 2313 1266 2382 spatio
1279 2321 1398 2382 qnatuor
1413 2313 1564 2379 leucarum,
1588 2323 1615 2368 et
1632 2323 1795 2370 manserunt
1806 2315 1842 2370 ibi
1858 2330 1911 2369 uo·

284 2405 414 2461 audiente
446 2407 480 2460 tle.
505 2406 577 2460 lucili
602 2407 674 2461 credi
701 2416 805 2477 possct;
830 2408 857 2461 in
879 2424 1072 2479 quamcunque
1123 2412 1166 2460 ete
1181 2420 1246 2459 una.
1260 2403 1342 2466 Facto
1365 2413 1455 2458 autern
1483 2419 1572 2467 mane,
1598 2405 1691 2458 audita
1714 2404 1808 2471 missa,
1838 2405 1910 2460 lacta

284 2499 357 2553 enim
387 2498 539 2565 civitatem,
565 2498 724 2561 castellum,
752 2516 799 2554 seu
823 2499 914 2554 villam
942 2500 1070 2568 intrabat,
1122 2495 1339 2553 confessioueet
1364 2498 1558 2551 connnnunione
1585 2495 1717 2552 bominici
1744 2498 1909 2553 sacramenti

283 2591 396 2646 eatbam
410 2591 434 2646 et
448 2591 555 2645 obviarn
571 2607 633 2645 cun
647 2592 821 2660 processione
833 2593 923 2648 eteros
942 2603 970 2648 et
984 2610 1070 2664 popu·
1122 2598 1257 2659 percepta,
1280 2589 1403 2644 ascensis
1428 2588 1507 2658 equis
1530 2588 1707 2658 egrediuntur
1729 2587 1909 2658 abentanso,

286 2683 338 2746 lns,
353 2683 504 2737 clamantes
518 2683 678 2738 radicantes
697 2682 875 2738 :benecdictum
888 2685 934 2755 qni
953 2687 1022 2740 uenit
1042 2687 1071 2740 in
1122 2678 1325 2749 Belliquadrum
1346 2688 1534 2749 properantes.
1552 2677 1629 2733 lbant
1653 2687 1744 2734 autem
1769 2681 1855 2751 parati
1873 2679 1909 2736 ad

285 2776 389 2827 nomine
402 2774 506 2827 Domini
522 2773 631 2842 (llnttb.
652 2775 729 2843 nrt),
754 2784 882 2845 tacitaque
896 2785 923 2831 et
938 2777 1000 2832 talis
1012 2786 1071 2832 erat
1120 2771 1221 2827 bellum
1239 2790 1246 2827 :
1262 2774 1314 2828 hoc
1330 2772 1402 2827 enirn
1415 2783 1621 2828 eratsntnmum
1639 2773 1759 2844 ipsorum
1775 2783 1803 2830 et
1817 2775 1907 2830 solutu

284 2865 327 2936 pia
343 2875 369 2921 et
387 2864 512 2935 religiosa
524 2867 632 2921 devotio
647 2867 747 2937 populi,
761 2867 833 2937 quod
848 2868 956 2923 beatum
970 2885 999 2924 se
1010 2884 1070 2925 esse
1120 2864 1296 2929 desiderium,
1323 2865 1428 2920 scilieet
1455 2866 1527 2936 qnod
1554 2876 1665 2936 possent
1689 2882 1752 2921 cnm
1781 2866 1907 2924 bostibua

282 2957 401 3022 dicebat,
423 2957 469 3026 qni
486 2958 547 3027 ejus
569 2967 674 3026 ponuat
703 2968 813 3029 tanngere
828 2959 963 3015 fimbriam
987 2961 1070 3016 resti-
1120 2955 1263 3025 capitalem
1279 2955 1380 3010 babere
1395 2969 1585 3026 congressam.
1607 2954 1721 3011 Factum
1746 2966 1788 3012 est
1812 2964 1905 3012 autem

284 3050 379 3103 menti.
396 3047 514 3104 Veniens
539 3066 631 3105 comes
650 3050 684 3104 ad
699 3066 801 3122 regem,
826 3051 911 3107 abeo
931 3052 1070 3125 benignis.
1120 3048 1183 3102 dttrn
1198 3064 1322 3105 essemus
1335 3049 1360 3103 io
1371 3049 1426 3110 ria.
1442 3049 1546 3104 dietum
1569 3059 1612 3104 est
1631 3049 1711 3105 uobis
1737 3050 1810 3121 quod
1822 3066 1908 3122 prope

282 3144 352 3197 sane
366 3152 393 3196 en
405 3143 553 3198 ιοιιιιιιι
566 3151 609 3198 est
622 3153 775 3215 susceptus.
788 3143 854 3201 Post
866 3144 987 3215 jucunda
1004 3162 1069 3203 vero
1119 3140 1256 3211 publicam
1292 3148 1405 3195 stratam
1430 3147 1490 3194 erat
1512 3138 1649 3210 quoddam
1678 3148 1799 3195 castrum
1819 3137 1907 3195 Batta-

282 3246 366 3303 ιιι-ιιι
381 3232 573 3289 familiaritatis
595 3234 742 3305 colloquia,
757 3251 804 3290 rex
820 3236 958 3292 investivit
980 3239 1068 3292 comi·
1118 3232 1204 3302 card-‘t
1215 3231 1337 3294 nomine,
1352 3230 1425 3301 qdod
1440 3229 1596 3285 reddldflfdl
1608 3245 1638 3286 de
1652 3230 1778 3288 hdslibus
1793 3232 1905 3300 umbris.
1930 3258 1933 3263 ⁴

282 3329 336 3375 teta
353 3328 380 3375 et
397 3321 569 3376 consumavit
581 3322 710 3377 ducatum
726 3322 870 3394 Narbonae,
888 3325 1027 3396 Tolosani,
1043 3329 1067 3382 ei
1119 3330 1146 3376 et
1160 3319 1242 3374 ctiam
1256 3320 1343 3389 ipsam
1360 3319 1495 3389 publicam
1508 3327 1622 3374 stratam
1633 3328 1739 3389 poterat
1757 3322 1905 3392 plurimum

281 3422 309 3469 ct
322 3414 476 3469 haeredibus
500 3415 575 3483 cius;
603 3425 686 3470 totam
705 3416 787 3470 etiam
813 3425 924 3486 terram,
939 3434 1022 3489 quam
1040 3420 1067 3474 in
1119 3412 1264 3478 infestare;
1279 3410 1395 3482 ideoque
1407 3410 1441 3465 de
1456 3411 1587 3464 nobilium
1604 3421 1763 3466 nostrorum
1787 3415 1906 3470 consilio

282 3506 364 3562 sendo
378 3508 439 3577 ejus
457 3509 644 3579 acquisierant
667 3510 862 3580 crucesignati,
877 3520 971 3566 eontra
984 3513 1070 3568 hren-e-
1118 3505 1278 3560 divertimus
1292 3503 1326 3557 ad
1342 3513 1463 3558 cuslrttttt
1482 3501 1560 3564 illud,
1576 3517 1631 3573 quo
1654 3505 1744 3559 slalint
1760 3515 1851 3576 capto,
1868 3507 1905 3561 ihi

282 3602 351 3654 ticos
365 3609 392 3654 et
405 3599 562 3655 defensores
574 3615 680 3655 eorum.
695 3601 763 3655 Cum
776 3610 848 3656 esset
861 3602 961 3657 nobilis
975 3617 1068 3658 comes
1118 3597 1273 3668 quievimus
1291 3605 1371 3651 noete
1385 3596 1440 3649 illa.
1460 3594 1488 3649 lo
1509 3595 1631 3650 crastino
1649 3611 1758 3652 summo
1782 3598 1905 3654 diluculo

280 3692 309 3751 in
321 3691 342 3748 F
346 3692 447 3753 rancia,
462 3691 632 3748 baimundns
644 3692 716 3748 lilius
727 3692 872 3748 bainmndi
883 3693 914 3748 Ρ.
927 3695 1066 3764 quondam
1117 3690 1210 3745 audita
1223 3689 1317 3755 missa,
1334 3688 1468 3743 exivimus
1489 3703 1504 3742 a
1522 3696 1612 3744 castro
1627 3688 1684 3750 illo,
1699 3687 1904 3760 belliquadrum

279 3785 390 3839 convitis
402 3783 516 3853 Tolosae,
527 3800 594 3855 puer
605 3786 652 3841 sed
671 3800 724 3840 non
737 3802 753 3840 a
767 3787 930 3856 puerilitate,
948 3787 1004 3842 imo
1019 3804 1069 3858 po·
1118 3790 1305 3852 properantes.
1324 3780 1400 3835 lbant
1412 3789 1503 3834 autern
1521 3779 1605 3835 nostri
1622 3781 1710 3850 parati
1732 3780 1765 3835 ad
1790 3781 1903 3848 bellum,

279 3876 364 3934 tiusa
378 3877 504 3943 stultitia,
521 3878 658 3933 mandatis
679 3879 837 3948 apostolicis
855 3896 903 3950 per
916 3881 1009 3935 omnia
1022 3889 1068 3934 ne·
1119 3874 1206 3930 tribus
1220 3873 1330 3928 aciebus
1345 3872 1496 3942 dispositis,
1513 3873 1541 3925 in
1556 3873 1666 3926 nomine
1680 3871 1833 3928 Trinitatis.
1849 3872 1901 3929 Te·

279 3969 360 4023 uniens
373 3983 406 4022 ex
418 3969 543 4032 adverso,
558 3978 648 4039 spreta
663 3969 775 4040 insuper
795 3969 840 4025 illa
858 3986 955 4041 magna
968 3973 1065 4042 gratia,
1110 3966 1223 4032 ,aientes
1235 3976 1326 4020 autem
1350 3965 1435 4021 nostri
1452 3975 1515 4021 aute
1533 3975 1653 4021 castrum
1668 3964 1847 4035 Belliquadri,
1862 3967 1905 4023 iu-

277 4069 308 4116 et
322 4061 433 4130 copiosa
455 4060 653 4127 misericordia,
668 4078 749 4130 quam
769 4062 794 4116 el
816 4064 895 4117 sedes
916 4064 1066 4133 apostolica
1117 4059 1242 4115 renintus
1256 4059 1389 4113 inlinitum
1406 4058 1547 4113 bominum
1561 4057 1775 4123 multitudinem,
1788 4059 1835 4129 qui
1852 4059 1905 4134 mi·

279 4153 385 4213 lecerat
400 4154 463 4208 licet
476 4154 597 4224 indigno,
614 4153 648 4209 ad
664 4164 755 4224 partes
770 4153 953 4210 Provincialcs
971 4171 1066 4211 acces·
1117 4152 1180 4208 lites
1192 4163 1220 4206 et
1233 4152 1383 4208 servientes
1404 4160 1515 4207 nostros
1539 4151 1565 4206 in
1589 4152 1672 4206 castri
1691 4151 1843 4208 nnnnttmne
1854 4152 1904 4208 ob·

278 4248 327 4314 sit,
342 4255 370 4301 et
383 4245 455 4302 lacta
469 4246 657 4317 conjuratione
669 4256 765 4302 contra
780 4246 864 4302 benm
878 4257 905 4302 et
920 4248 984 4317 jura
996 4248 1066 4303 civi·
1117 4260 1209 4303 sessos
1231 4245 1375 4310 tenebant;
1404 4246 1450 4300 sed
1474 4261 1536 4300 cum
1558 4257 1650 4301 essent
1672 4245 1770 4299 intiniti
1798 4244 1901 4311 hostes,

277 4341 315 4396 lia
328 4350 356 4395 et
369 4341 511 4401 carnanter,
535 4356 597 4395 cum
623 4340 866 4407 Aninionensibns,
885 4350 912 4396 et
928 4340 1065 4396 Tarusco·
1117 4337 1202 4393 nostri
1221 4352 1285 4392 vero
1304 4346 1430 4407 respectu
1444 4350 1538 4390 eorum
1561 4337 1651 4406 pauci,
1668 4352 1720 4391 non
1734 4346 1825 4391 tamen
1841 4337 1902 4390 ausi

277 4435 424 4500 mensibus,
451 4448 479 4490 et
503 4434 729 4501 llassilieusibns,
762 4435 878 4490 consilio
907 4444 935 4491 et
961 4435 1065 4490 auxilio
1117 4437 1182 4485 sunt
1194 4429 1269 4483 exiro
1283 4427 1429 4483 inferiores
1442 4440 1535 4482 muros
1554 4426 1646 4491 castri,
1662 4426 1724 4480 liert
1738 4427 1823 4481 trostri
1838 4435 1902 4480 ante

276 4528 461 4596 qtmrnmdam
478 4528 609 4583 nobilium
630 4525 790 4592 Provinciae,
803 4528 947 4597 occupavit
963 4538 1063 4583 terram
1115 4519 1373 4577 murosdiutissime
1384 4527 1488 4574 stantes
1503 4532 1551 4572 eos
1562 4518 1595 4572 ad
1607 4517 1727 4587 pralium
1744 4518 1899 4573 invitarent.

278 4618 365 4684 illam,
384 4634 466 4689 quam
483 4618 516 4673 de
530 4620 765 4675 commendatione
778 4618 809 4673 b.
839 4635 915 4689 papae
927 4620 1064 4674 custodie·
1116 4612 1245 4669 Fidentes
1263 4611 1349 4666 nostri
1374 4610 1447 4682 qnod
1462 4624 1516 4664 non
1538 4609 1746 4664 exirentbostes
1761 4609 1795 4663 ad
1819 4609 1902 4664 ‹limi-

278 4711 326 4768 bat
351 4712 453 4767 nobilis
490 4727 582 4767 comcs
604 4711 794 4766 llontislortis.
824 4711 961 4781 Occupata
991 4705 1414 4792 terraDcandumcontraeos,
1439 4709 1582 4771 postquam
1604 4709 1829 4771 exspectaverant
1852 4716 1900 4756 eos

278 4817 356 4862 trans
371 4804 545 4870 blnunlanum,
563 4806 636 4860 venit
649 4806 682 4860 ad
700 4806 835 4875 quoddam
858 4806 1060 4860 nobilissimum
1114 4797 1333 4853 dllssllldldldssl
1352 4794 1386 4849 dd
1413 4791 1579 4859 exeundum,
1596 4794 1697 4848 lssl'elsl
1723 4799 1788 4848 ⁸⁰⁰1
1804 4792 1837 4847 dd
1851 4807 1900 4847 ⁰²·

270 4909 399 4956 ,castrum
415 4902 441 4954 in
465 4916 548 4971 regno
570 4899 701 4965 Francia,
719 4900 745 4954 ιιι
766 4898 877 4954 dioeeesi
896 4899 1060 4966 Arelatensi,
1114 4901 1200 4948 strum
1213 4890 1385 4960 Bellegarnlae,
1401 4889 1472 4943 unde
1486 4895 1618 4942 venerant
1639 4886 1683 4942 die
1709 4887 1795 4942 altero
1809 4902 1896 4942 rever-

278 4994 305 5050 in
323 4998 382 5064 ripa
398 4992 524 5049 llbodani
546 4992 618 5046 lluvii
633 4991 723 5060 magni
743 4990 835 5045 sitnm.
849 4990 976 5046 Castrum
996 4990 1061 5044 illud
1113 4984 1181 5040 suri.
1198 4982 1266 5037 burn
1282 4992 1374 5037 autem
1386 4995 1510 5036 essemus
1522 4976 1593 5049 apud
1610 4977 1834 5050 bellamgardam,
1849 4993 1894 5032 co·

276 5086 366 5142 luerat
380 5087 489 5141 convitis
500 5085 615 5150 Tolosae,
639 5083 687 5137 sed
711 5081 832 5137 Ecclesia
857 5082 978 5137 bantana
995 5083 1061 5137 illud
1113 5094 1172 5134 mes
1201 5076 1301 5132 nobilis
1321 5073 1509 5140 llontislortis,
1526 5074 1634 5128 rediens
1659 5089 1674 5127 a
1697 5071 1822 5139 Francia,
1834 5087 1884 5142 pro

274 5187 459 5242 wracesscrat,
488 5186 515 5233 et
535 5194 581 5232 rex
610 5179 819 5232 confirmaverat
837 5176 929 5230 comiti
950 5175 1063 5230 llontis-
1095 5166 1492 5253 ,peransqueBelliqnadrum
1511 5165 1586 5218 venit
1604 5160 1899 5218 Nemausumlnera·

273 5270 366 5338 fortis,
380 5287 495 5327 necnon
512 5280 538 5325 et
556 5270 776 5340 archiepiscopus
789 5269 966 5338 Arelatensis,
982 5268 1061 5336 cnjtns
1112 5266 1185 5321 stino
1198 5278 1306 5318 summo
1318 5275 1407 5326 mane,
1421 5259 1504 5313 movit
1519 5273 1612 5313 comes
1624 5272 1639 5312 ι
1651 5255 1797 5321 Nemauso,
1811 5263 1838 5309 et
1848 5269 1898 5309 nes

272 5375 318 5422 cat
332 5365 424 5420 minus
439 5364 592 5419 dominium
611 5363 734 5432 ejnrsdem
758 5363 852 5425 castri,
865 5361 953 5416 eidem
967 5356 1075 5416 comiti¹

273 5466 306 5517 ut
319 5459 427 5512 vassalo
446 5457 472 5509 in
489 5455 600 5510 lendum
615 5463 800 5519 corneesserat,
816 5462 844 5508 et
864 5454 901 5508 ab
920 5469 952 5509 eo
973 5453 1062 5507 homi·

274 5550 509 5619 uiumacccperat
525 5563 574 5618 pro
588 5549 683 5603 eodem
705 5556 805 5601 castro.
833 5545 952 5600 Veniens
972 5545 1061 5599 dictus

274 5639 449 5697 boimundus
471 5641 684 5712 belliquadrum,
708 5650 821 5695 vocatus
845 5637 1061 5696 abdominibus

273 5733 398 5801 ejusdem
414 5735 508 5797 castri,
525 5734 572 5805 qui
592 5742 688 5790 nostro
703 5731 797 5789 comiti
822 5730 976 5785 bonrininm
989 5729 1062 5784 lece·

274 5833 348 5890 rant,
364 5825 392 5878 in
407 5825 523 5894 burgum
537 5832 579 5880 est
597 5835 731 5894 receptus.
750 5822 849 5877 Statim
862 5820 1061 5880 conlucentibus

274 5916 310 5970 ad
324 5931 390 5970 cum
402 5916 565 5986 quibusdam
584 5915 719 5969 nobilibus
736 5913 899 5981 Provinciae,
918 5913 1061 5973 civibusct

278 6007 513 6068 avenionensibus
537 6017 564 6065 ct
579 6006 804 6075 llassilicnsibus,
823 6009 1003 6080 burgensibus
1019 6005 1061 6063 iu·

1113 5370 1128 5410 a
1145 5352 1316 5424 bellagarda,
1329 5352 1525 5420 venientesque
1543 5358 1606 5404 ante
1624 5347 1838 5417 Belliquadrum,
1852 5361 1896 5399 co·

1113 5460 1285 5502 mesentana
1300 5452 1387 5514 parte,
1403 5453 1430 5496 ct
1454 5457 1505 5496 nos
1520 5457 1553 5496 ex
1572 5441 1667 5506 altera,
1691 5439 1765 5509 ipsos
1785 5437 1897 5493 obsedi·

1112 5556 1175 5595 mus
1190 5539 1360 5594 obsessores.
1374 5533 1476 5591 Fidens
1488 5535 1560 5589 lilius
1571 5533 1708 5604 quondam
1722 5529 1830 5587 comitis
1845 5528 1900 5585 To-

1112 5633 1198 5690 losaui
1224 5631 1296 5703 quod
1316 5644 1409 5685 comes
1438 5626 1619 5682 llontislortis
1653 5624 1804 5679 obsedisset
1820 5620 1898 5677 belli·

1112 5728 1260 5797 quadrum,
1284 5722 1445 5780 convocavit
1468 5736 1648 5792 quoscunque
1670 5717 1770 5790 potnit,
1786 5716 1898 5772 drinio·

1113 5834 1221 5885 nenses,
1237 5816 1478 5883 Tarasconenses,
1508 5812 1722 5868 Foloberceuses
1746 5819 1773 5867 et
1796 5809 1899 5864 multos

1112 5912 1225 5968 aliosde
1239 5911 1336 5967 ricinis
1364 5911 1484 5965 castellis
1505 5917 1530 5970 et
1554 5916 1660 5979 gentem
1675 5904 1817 5976 perfidam,
1831 5916 1898 5976 geu·

1117 6012 1404 6087 tempapnstatuntetn,
1418 6002 1446 6058 ιιι
1469 6002 1541 6060 enim
1568 6004 1596 6057 itt
1622 6015 1707 6056 unum
1731 5992 1898 6073 congregali,
