4350 6709
219 543 253 600 55
856 539 1024 598 ltltblttlz.
1044 571 1078 580 -
1096 539 1162 598 clu.
1182 540 1214 597 tt.
1803 547 1841 606 SD

223 661 362 719 Gamaliel
382 663 406 695 ”
423 663 597 732 dicebantur,
612 676 686 719 nune
701 669 791 718 autem
803 659 966 733 presbyteri,
981 659 1007 714 id
1022 662 1046 722 Δ
1094 658 1194 714 Postea
1208 658 1255 714 dat
1268 672 1414 729 episeopus
1427 658 1452 715 ei
1463 668 1590 730 patenam
1610 673 1673 715 cnm
1700 659 1843 717 oblationi·
1919 674 1924 680 ·

217 762 259 810 ert
271 762 428 818 senatores,
442 769 497 807 non
511 754 546 809 ab
561 762 651 820 aetate,
667 752 714 808 sed
726 766 820 808 sensu.
840 750 930 808 «Cani
941 759 1007 806 sunt
1056 749 1121 821 bus,
1139 759 1167 806 et
1181 749 1294 806 calicem
1310 751 1374 806 cuni
1388 750 1463 818 nino,
1485 750 1578 806 dicens
1593 770 1600 806 :
1613 752 1710 822 Accipe
1727 762 1844 824 poteste-

217 862 318 903 sansns
335 845 458 902 bominis
473 845 507 910 ⁸⁶,
531 864 541 898 r
557 846 600 900 vel
613 843 774 916 presbyteri,
786 843 866 914 quasi
878 843 929 899 iter
939 857 1008 913 prte-
1057 852 1109 897 tem
1120 843 1214 913 offerre
1229 843 1392 913 sucrificium
1404 841 1470 909 Deo,
1485 844 1630 914 missusque
1642 844 1773 899 celebrere
1794 862 1842 916 pro

218 938 330 1006 bentes;
350 940 417 1011 quia
433 940 555 1011 praebent
569 938 622 993 iter
632 937 734 1008 populo
749 936 782 991 de
799 935 897 992 exsilio
911 933 1007 990 mundi
1056 935 1122 990 eicis
1140 943 1165 989 et
1177 935 1309 1005 defunctis
1323 935 1351 989 in
1367 935 1471 989 nostine
1488 933 1616 1000 Domini,·
1636 936 1705 991 stola
1721 936 1804 1006 igitur
1817 945 1844 991 ct

218 1031 380 1102 adpatriam
395 1031 496 1102 regni3
516 1030 557 1085 nel
570 1030 737 1095 sacerdotes,
762 1027 789 1083 id
802 1038 844 1085 εει
870 1028 941 1084 sacri
954 1027 1007 1083 du·
1057 1026 1161 1095 casula,
1174 1027 1264 1083 oleum
1278 1026 1405 1097 calixque
1414 1035 1514 1097 patena
1525 1027 1619 1092 simul,
1645 1037 1672 1085 et
1690 1028 1748 1084 bae
1761 1028 1843 1084 rerba

218 1137 273 1189 ces,
286 1133 317 1178 ut
329 1123 369 1178 ait
380 1121 464 1188 Reda,
476 1122 542 1193 quia
554 1121 677 1192 prebent
690 1120 821 1175 ducatum
832 1120 946 1190 populo;
962 1117 1007 1175 rel
1057 1128 1122 1176 sunt
1135 1118 1216 1190 liujus
1235 1119 1399 1174 sacramenti
1422 1119 1592 1184 substantia;
1622 1127 1719 1174 cetera
1742 1135 1844 1190 praece·

216 1231 294 1271 saera
308 1215 420 1278 dantes,
442 1215 506 1284 quia
525 1214 592 1268 dant
608 1220 778 1268 sacramenta
804 1211 905 1281 populo
922 1219 950 1265 ει
963 1225 1008 1265 sa·
1059 1209 1152 1266 dentia
1182 1221 1210 1266 et
1237 1211 1430 1280 subsequentia
1456 1220 1520 1266 sunt
1540 1210 1730 1267 solemnitatis.
1757 1211 1844 1281 liujus

214 1308 318 1365 crillcia
334 1306 402 1362 Deo.
419 1305 583 1362 Sacerdotes
599 1318 775 1360 successores
805 1311 871 1359 sunt
895 1311 1007 1373 septua—
1058 1303 1177 1361 ollieium
1196 1313 1240 1360 εει
1260 1319 1391 1374 personas
1413 1313 1440 1360 et
1464 1319 1509 1360 res
1538 1304 1710 1369 benedicere,
1731 1306 1843 1361 missam

214 1405 293 1474 ginta
320 1392 456 1468 virorum,
482 1400 584 1470 quibus
611 1397 698 1470 Moysi
720 1396 847 1467 spiritum
873 1394 1007 1451 Dominus
1057 1397 1206 1464 celebrare,
1225 1411 1327 1468 corpus
1344 1396 1453 1452 Domini
1478 1397 1648 1468 dispensare,
1664 1397 1791 1453 meditari
1809 1399 1844 1454 tle

214 1494 428 1568 propagarit⁸¹3
446 1493 617 1565 septuaginta
629 1506 739 1563 qnoque
751 1491 867 1545 duorum
884 1489 1007 1558 discipu·
1057 1489 1117 1562 lege
1138 1489 1197 1554 Dei,
1212 1489 1323 1557 docere,
1344 1489 1606 1560 praedicaremus,
1622 1489 1772 1559 baptizare,
1785 1506 1844 1560 poe-

213 1587 306 1643 lorum
321 1587 362 1654 ‘¹;
380 1586 454 1642 sicut
468 1585 589 1655 episcopi
605 1592 670 1641 sunt
685 1582 780 1638 vicarii
793 1580 879 1653 lioysi
893 1588 921 1635 et
941 1595 1007 1650 apo·
1057 1582 1175 1637 nitentes
1187 1582 1271 1652 ligare
1285 1582 1327 1636 vel
1341 1582 1493 1648 absolvere,
1506 1582 1628 1637 infirmos
1642 1597 1754 1652 uergere,
1770 1598 1844 1637 ntor-

214 1681 363 1736 stolorum.
387 1675 439 1731 llic
463 1691 526 1731 cum
543 1677 698 1742 ordinatur,
724 1674 758 1730 ad
773 1674 952 1729 diaconorum
979 1679 1008 1727 ει
1058 1685 1121 1730 tuos
1136 1675 1264 1745 sepelire;
1289 1690 1387 1747 magna
1409 1684 1540 1746 potestas,
1563 1675 1632 1729 mira
1651 1675 1782 1746 dignitas,
1796 1691 1846 1731 er·

213 1771 439 1843 presbyterorum
451 1765 638 1825 testimonium
651 1768 685 1822 de
699 1766 833 1832 moribus,
846 1772 874 1821 et
893 1778 1008 1818 conuer-
1057 1765 1160 1820 celsum
1174 1766 1441 1836 eterpanescendum
1454 1764 1582 1820 officiuml
1595 1763 1628 1819 Et
1638 1766 1699 1821 side
1713 1768 1786 1835 quod
1801 1779 1845 1821 sa-

213 1864 323 1919 satione
338 1860 442 1927 lutura,
457 1871 486 1916 ει
499 1859 653 1915 obediontia
680 1858 884 1929 comprobetur,
901 1857 944 1913 cni
960 1857 1007 1912 bc·
1057 1856 1187 1915 cerdorea
1207 1865 1235 1911 ει
1254 1857 1384 1913 diacones
1404 1856 1539 1927 praecipue
1562 1857 1774 1912 nominantura
1795 1872 1846 1928 po-

213 1955 368 2011 nedietoria
380 1951 554 2008 sacerdotum
576 1951 754 2022 presentium
772 1967 871 2006 manns
887 1951 1005 2020 imponi·
1056 1947 1136 2017 pulo;
1149 1949 1214 2018 qnia
1226 1949 1356 2020 praecipui
1370 1958 1435 2005 sunt
1450 1949 1477 2003 in
1496 1949 1592 2004 altaris
1605 1948 1705 2015 officio,
1730 1950 1801 2005 unde
1818 1958 1846 2005 et

214 2057 271 2102 tur.
285 2045 386 2102 llanus
400 2043 541 2114 impositio
553 2043 640 2100 saneti
657 2043 776 2114 Spiritus
797 2059 911 2113 opernm
923 2058 1004 2099 exer·
1019 2009 1042 2068 Β
1057 2038 1180 2107 ipsorum
1189 2039 1339 2109 praesertim
1351 2039 1486 2095 ordinatio
1497 2041 1647 2096 secundum
1655 2040 1844 2110 Ambrosium,

213 2137 375 2193 citationem
388 2135 543 2208 significat,
560 2151 624 2189 nam
643 2151 693 2206 per
708 2146 789 2207 caput
801 2147 918 2192 mentem
934 2137 1006 2193 acci·
1056 2132 1129 2187 circa
1141 2132 1238 2187 altaria
1252 2132 1417 2199 celebratur,
1431 2142 1458 2188 et
1469 2147 1519 2203 pro
1542 2133 1583 2188 eis
1604 2143 1668 2188 ante
1682 2133 1768 2189 altare
1781 2150 1846 2204 pro·

213 2227 321 2301 murus,
334 2242 383 2298 per
397 2226 498 2298 digitos
509 2226 597 2280 sancti
610 2223 729 2295 Spiritus
739 2225 822 2293 dona,
838 2241 1005 2296 permanum
1057 2224 1188 2280 sternitur
1210 2225 1368 2295 episcopus.
1392 2224 1542 2280 ordinandi
1558 2226 1647 2280 ceteri
1670 2240 1846 2295 nequaquam

214 2336 297 2391 opera
311 2319 479 2392 (immamus,
492 2319 530 2374 illi
547 2335 611 2390 ergo
625 2334 708 2389 supra
727 2324 810 2388 caput
823 2317 934 2389 digitus,
958 2327 1007 2373 ant
1056 2318 1090 2371 ad
1104 2316 1191 2371 altare
1207 2315 1383 2384 ordinantur,
1398 2331 1431 2371 eo
1452 2318 1525 2386 quod
1542 2331 1595 2371 nec
1608 2315 1642 2370 ad
1657 2316 1751 2372 altaris
1762 2316 1846 2371 mini·

213 2426 316 2466 manus
333 2409 494 2481 imponitur,
512 2408 567 2480 qui
584 2417 674 2464 mente
689 2409 778 2464 sancti
793 2405 912 2478 Spiritus
925 2407 1006 2465 donis
1056 2409 1141 2466 steria
1153 2415 1323 2476 statuuntur,
1336 2408 1383 2464 sed
1396 2408 1443 2463 alii
1455 2410 1605 2479 adimplent
1615 2409 1735 2465 cilicium
1750 2409 1846 2469 lectio-

213 2502 340 2556 imbutus
351 2498 457 2554 Cbristi
471 2515 554 2570 opera
570 2498 710 2564 imitatum
738 2514 753 2552 a
767 2498 892 2568 pluribus
911 2513 1006 2554 sacer·
1057 2516 1134 2564 num,
1153 2499 1207 2574 alii,
1216 2499 1431 2555 sollicitudinem
1449 2500 1670 2569 luminariorum,
1685 2501 1733 2557 alii
1749 2517 1846 2560 neces·

212 2592 327 2650 dotibus
343 2607 444 2647 manus
457 2592 618 2662 imponitur,
633 2607 665 2646 ea
681 2591 786 2647 ratione
799 2606 880 2662 quem
905 2591 1007 2647 india·
1056 2593 1129 2648 saria
1155 2603 1309 2662 preparant
1340 2591 1411 2649 iulra
1436 2593 1604 2662 diaconurn;
1632 2609 1729 2650 omues
1755 2603 1846 2651 mmen

213 2702 283 2742 cono
297 2684 523 2755 pausavimus,
542 2685 600 2751 sed,
623 2682 688 2754 qnia
706 2698 804 2739 manus
821 2682 937 2739 diacono
955 2683 1007 2738 im·
1057 2694 1182 2754 quaerunt
1206 2683 1302 2740 laciem
1317 2684 1351 2751 ⁶⁷,
1367 2683 1393 2737 id
1415 2693 1456 2738 est
1477 2685 1649 2753 praesentiam
1671 2683 1731 2749 Dei,
1748 2692 1780 2739 ut
1797 2699 1847 2740 na·

213 2780 339 2852 ponitur,
353 2794 404 2834 cur
429 2779 563 2834 sacerdoti
586 2792 683 2832 rursus
714 2792 812 2832 manus
837 2776 1007 2848 imposituri
1056 2776 1131 2831 leant
1154 2776 1181 2831 in
1210 2777 1400 2847 primogenitis
1415 2776 1586 2843 haereditare,
1599 2778 1633 2832 ad
1648 2778 1735 2834 instar
1750 2777 1845 2848 Jacob,

214 2870 399 2942 Respondes:
411 2869 519 2942 quiade
534 2869 686 2925 ministerio
695 2869 730 2925 ad
742 2868 925 2925 ministerium
935 2878 962 2926 et
973 2871 1007 2926 de
1057 2871 1104 2940 qui
1116 2870 1168 2926 sibi
1179 2868 1271 2926 lratris
1285 2869 1465 2941 primogenita
1475 2870 1623 2926 vindicavit
1634 2872 1667 2926 ⁶⁸.

214 2981 296 3039 opere
324 2963 491 3020 transfertur
511 2963 544 3019 acl
561 2979 631 3033 opus
647 2981 656 3029 ;
675 2963 720 3019 cni
747 2962 861 3018 reflectit
885 2963 1007 3018 orarium
1362 2981 1477 3038 mppr·
1495 2982 1539 3038 pp,

216 3057 365 3129 episcopus
377 3055 617 3126 sirperbumerum
637 3053 763 3109 dextrum
776 3053 803 3107 in
819 3053 931 3108 modum
943 3069 1007 3109 cru·
1206 3069 1271 3108 trau
1290 3069 1324 3108 ne
1341 3069 1482 3110 onnrnraus
1500 3071 1701 3112 aonrnrrrnna.

217 3152 257 3208 cis
267 3147 296 3205 in
306 3159 430 3221 pectore,
438 3147 653 3217 dieensmecipe
660 3146 758 3218 lupum
772 3145 879 3201 Domini
888 3163 898 3212 ,·
905 3148 1004 3218 jupam
1100 3163 1109 3196 r
1125 3143 1177 3211 Qui
1202 3145 1270 3200 milri
1283 3147 1430 3212 ministrat,
1446 3162 1490 3202 me
1514 3149 1692 3228 aequatum&
1716 3168 1726 3203 r
1744 3148 1845 3207 Omnes

216 3248 287 3300 caiae
308 3244 369 3314 ejus
394 3259 473 3297 aeuee
494 3252 533 3296 ert
548 3250 573 3296 el
586 3258 652 3296 onus
673 3241 731 3312 ejus
743 3241 797 3296 lece
812 3239 845 3295 ⁸¹.
870 3240 946 3296 Stola
961 3256 1006 3297 re·
1056 3237 1168 3308 quidem
1183 3238 1386 3308 suprascriptus
1399 3241 1521 3305 ordines,
1535 3242 1619 3309 dicto,
1638 3258 1686 3298 seu
1704 3241 1778 3298 lacto
1801 3242 1846 3300 Jo-

216 3336 338 3392 Dectitur
352 3334 389 3391 ab
403 3335 518 3389 bunrero
530 3332 641 3391 sinistro
654 3333 682 3387 in
693 3333 836 3398 dertrnm;
850 3333 926 3404 qnia,
942 3349 1004 3390 eum
1018 3354 1040 3412 ρ
1057 3346 1106 3385 sus
1118 3329 1246 3385 Christus
1256 3333 1400 3401 expressit,
1416 3341 1443 3389 ει
1461 3333 1490 3389 in
1513 3348 1543 3390 εε
1557 3333 1618 3405 ipso
1633 3335 1756 3390 omnium
1776 3336 1847 3408 ligu-

216 3428 373 3486 obedientia
394 3427 489 3499 incipit
501 3428 537 3483 ab
559 3428 648 3483 aetina
673 3441 722 3497 per
741 3427 916 3484 dilectionem
941 3443 1005 3498 pro-
1056 3435 1115 3475 ram
1130 3419 1268 3487 ostendit;
1287 3422 1416 3478 ostiarius
1430 3423 1503 3479 enim
1530 3423 1593 3488 luit,
1609 3441 1672 3481 curn
1689 3425 1797 3497 flagello
1811 3427 1846 3484 do

216 3524 295 3592 rimi,
317 3522 420 3578 transit
445 3520 472 3576 iu
497 3519 734 3590 contemplativam
759 3536 809 3591 per
830 3519 1004 3577 dilectionem
1054 3510 1268 3569 tuniculislaeto
1287 3515 1508 3571 numulariorum
1520 3531 1629 3572 mensas
1646 3518 1754 3586 evertit,
1771 3519 1846 3575 etdo

216 3614 279 3683 Dei;
295 3614 341 3670 nel
372 3612 438 3686 quia
446 3620 555 3682 oportet
571 3611 740 3669 sacerdotem
755 3626 816 3669 esse
831 3615 967 3668 munitum
988 3629 1004 3669 a
1055 3605 1157 3676 templo
1173 3605 1322 3662 rendentes
1345 3616 1372 3661 et
1395 3616 1516 3664 ementes
1541 3608 1620 3678 eiecit
1635 3610 1672 3677 '⁰;
1689 3611 1753 3665 item
1781 3624 1845 3667 eom

216 3705 320 3763 dextris
333 3713 362 3760 ct
374 3718 391 3759 a
403 3703 523 3760 sinistris
529 3719 578 3774 per
587 3718 664 3760 arma
675 3702 789 3774 justitie
795 3702 829 3770 ⁸⁸,
842 3703 1004 3775 quierueem
1055 3713 1085 3754 se
1100 3697 1201 3753 ostium
1229 3697 1381 3754 nominavit
1395 3698 1428 3766 ¹¹,
1439 3706 1467 3754 et
1490 3700 1606 3766 merito,
1621 3701 1687 3771 qrria
1712 3716 1795 3757 nemo
1809 3701 1846 3759 ad

217 3795 285 3866 gerit
300 3794 331 3848 in
345 3802 466 3864 pectore,
478 3792 542 3848 dum
555 3792 711 3864 passionem
720 3792 822 3849 Christi
833 3792 913 3864 cujus
923 3794 1005 3850 mini·
1055 3788 1175 3859 Patrem,
1188 3789 1242 3869 nisi
1252 3805 1301 3862 per
1318 3804 1383 3846 eum
1398 3791 1474 3847 radit
1486 3792 1524 3859 '¹;
1543 3791 1601 3863 ipse
1614 3793 1688 3848 enim
1702 3802 1745 3851 est
1761 3793 1846 3850 ostia·

217 3897 273 3942 ster
286 3894 341 3952 est,
357 3883 480 3940 imitatur
496 3884 523 3939 in
536 3893 638 3952 mente,
650 3884 724 3956 qnod
737 3901 753 3941 a
767 3885 931 3958 quibusdam
955 3887 1005 3944 ad·
1054 3883 1124 3951 rius,
1139 3900 1152 3936 ε
1167 3882 1214 3955 qni
1228 3883 1325 3954 aperit,
1340 3892 1368 3940 ει
1383 3900 1465 3941 nemo
1480 3885 1594 3951 claudit,
1607 3887 1746 3944 clauditct
1760 3904 1844 3947 nemo

216 3978 312 4032 ditur:
328 3973 405 4031 Stolo
415 3975 572 4031 innocentie
587 3974 681 4030 induet
702 3985 727 4032 te
740 3977 890 4034 Dominus:
906 3978 1005 4035 stolam
1055 3976 1142 4049 aperit
1156 3977 1189 4032 '⁸.
1207 3976 1341 4060 sibeston,
1353 3977 1421 4046 luit,
1448 3994 1511 4035 eum
1532 3980 1560 4035 in
1587 3981 1678 4037 medio
1704 3983 1845 4040 seniorum

217 4070 332 4143 respicit
342 4070 523 4140 primitivam,
542 4085 604 4142 quae
614 4068 666 4125 luit
688 4070 853 4126 innocentiae
867 4071 1005 4142 signitica-
1055 4067 1134 4126 lsaiae
1147 4071 1247 4127 librum
1265 4070 1381 4141 aperuit,
1407 4071 1501 4129 dicens
1525 4091 1532 4128 ε
1555 4091 1565 4126 r
1587 4071 1706 4145 Spiritus
1735 4075 1845 4132 Domini

217 4165 283 4231 tira,
295 4163 378 4234 cujus
390 4161 491 4218 neam
503 4169 556 4228 est,
580 4168 611 4216 ut
622 4160 736 4218 inferius
758 4169 927 4233 expunctum
947 4163 1006 4221 baec
1056 4178 1139 4233 super
1153 4178 1208 4230 me,
1230 4177 1264 4218 eo
1286 4162 1360 4233 quod
1380 4164 1491 4220 unxerit
1505 4180 1560 4234 me,
1575 4166 1609 4221 ad
1626 4167 1846 4227 annuntiandum

217 4271 273 4329 qua
287 4269 364 4310 nurrc
377 4253 490 4320 utimur,
506 4251 666 4308 obedientie
676 4252 756 4309 stola.
1056 4256 1227 4327 pauperibus
1240 4253 1317 4309 misit
1337 4270 1381 4310 me
1393 4256 1427 4310 n·
1446 4275 1456 4309 r
1476 4256 1618 4315 Exorcista
1631 4259 1693 4329 luit,
1705 4275 1769 4317 cum
1787 4259 1843 4316 dae·

253 4343 360 4402 Exinde
382 4344 475 4400 casula
505 4343 594 4399 induit
617 4360 679 4400 eum
706 4344 861 4416 episeopus,
886 4346 1004 4402 dicens:
1056 4345 1348 4412 moniaeosliberdnit,
1371 4357 1399 4405 ει
1418 4349 1504 4405 salira
1518 4350 1607 4421 tetigit
1631 4349 1800 4409 auressurdl
1816 4358 1844 4408 ει

220 4438 320 4507 Accipe
336 4447 432 4492 rectem
446 4436 649 4504 sacerdotalem,
675 4454 722 4507 per
739 4453 820 4507 quem
835 4439 951 4493 ebaritas
964 4441 1007 4494 in·
1057 4441 1178 4512 linguam
1190 4443 1270 4510 muti,
1286 4443 1402 4499 diceus:
1426 4459 1436 4493 c
1456 4439 1571 4512 preta,
1587 4442 1663 4513 qtrod
1680 4452 1723 4500 est
1743 4445 1844 4514 adape-

220 4526 367 4597 retttqiur,
382 4534 474 4597 potens
498 4527 569 4581 enim
591 4534 630 4581 est
644 4524 715 4581 Deus
735 4526 769 4592 ⁶⁸,
797 4535 827 4581 art
852 4531 1006 4600 aupeattidl
1056 4532 1113 4588 rire
1126 4533 1160 4587 ¹⁸.
1182 4533 1368 4606 ›Aeolytbum
1389 4548 1419 4588 se
1441 4548 1503 4590 esse
1518 4542 1645 4602 testatur,
1669 4549 1732 4592 eum
1757 4536 1842 4613 dicit}

218 4620 427 4675 claritatem
450 4635 515 4690 opes
529 4617 693 4690 {perlectum
714 4615 778 4674 llaec
796 4628 838 4675 est
859 4621 942 4677 vestis
958 4639 1008 4679 nu·
1062 4642 1072 4678 r
1091 4623 1149 4690 liro
1164 4640 1225 4681 sum
1246 4627 1293 4682 lur
1313 4627 1406 4682 mundi
1421 4626 1456 4681 ἰ.
1475 4646 1485 4680 r
1502 4625 1669 4683 Subdiaeoni
1688 4631 1772 4702 gessit
1785 4630 1845 4686 olli-

218 4713 324 4785 ptialis,
335 4727 416 4785 quam
428 4713 476 4784 qui
488 4727 544 4767 non
559 4711 878 4782 babuerintsacerdotes,
893 4715 1007 4786 ejicien·
1022 4694 1045 4751 D
1059 4716 1145 4783 cium,
1159 4719 1269 4786 quarrdo
1288 4718 1373 4774 linteo
1391 4734 1420 4773 se
1439 4719 1685 4792 proscindemus
1698 4721 1847 4794 discipulo·

220 4810 266 4855 tur
282 4801 310 4855 in
325 4801 451 4857 tenebras
460 4799 610 4856 exteriores
625 4801 657 4856 ¹⁸.
1060 4824 1121 4864 rum
1145 4811 1221 4878 lauit,
1250 4811 1335 4866 linteo
1363 4813 1439 4866 tersit
1452 4811 1485 4866 ¹¹.
1503 4811 1615 4868 Diaconi
1640 4817 1847 4885 representavit

254 4890 357 4947 Postea
373 4891 450 4964 ungit
465 4893 611 4963 episeopus
634 4893 782 4953 chrismate
797 4898 891 4954 ambas
909 4915 1008 4957 manus
1060 4902 1191 4967 officium,
1208 4902 1318 4972 quando
1342 4915 1544 4960 sacramentum
1556 4907 1679 4976 corporls
1691 4917 1719 4963 et
1732 4909 1846 4981 sangui·

220 4983 306 5046 illius,
323 4981 417 5038 dicens
443 5001 451 5038 z
472 4983 631 5038 Cormecmre
651 4994 676 5039 et
697 4989 864 5057 sanctificare
880 4991 1008 5062 dipneris,
1061 4996 1105 5051 nis
1121 4995 1263 5066 discipulis
1287 4996 1465 5067 dispensarit,
1480 4999 1524 5056 rel
1545 5016 1608 5057 cum
1634 5002 1800 5062 dormientes
1811 5006 1846 5062 ad

220 5073 346 5137 Domine,
361 5089 453 5128 munus
464 5075 540 5144 istus,
552 5091 598 5146 per
609 5075 687 5130 istem
698 5078 844 5133 unctionem
856 5089 880 5134 et
890 5090 1008 5136 nostrum
1061 5087 1211 5142 orationem
1220 5087 1357 5154 excitarit,
1370 5089 1465 5147 dicens
1479 5109 1486 5147 ε
1503 5109 1513 5144 r
1532 5091 1658 5165 Vigilate,
1664 5104 1691 5151 ct
1700 5105 1776 5152 orate
1789 5098 1843 5151 ⁷⁸.»

221 5167 438 5236 benedictionem,
471 5180 679 5242 usquecunque
711 5174 900 5227 consecraverit
920 5190 1009 5230 couse·
1062 5176 1219 5236 Sacerdotis
1231 5180 1368 5252 expressit
1382 5182 1500 5240 oilleium
1518 5201 1580 5240 cum
1594 5202 1691 5256 panem
1704 5187 1731 5240 in
1744 5194 1845 5256 corpus

221 5270 342 5325 crentur,
357 5268 424 5329 cte,
435 5277 533 5319 manus
545 5263 725 5332 inunguntur,
736 5272 767 5318 ut
785 5266 892 5321 rnundae
908 5267 963 5322 sint
974 5267 1008 5324 ael
1061 5285 1088 5328 et
1099 5273 1194 5330 ninum
1208 5275 1237 5329 in
1253 5278 1412 5346 sanguinem
1431 5280 1619 5347 commutarit,
1643 5291 1670 5335 ει
1684 5294 1746 5335 curn
1762 5295 1791 5335 se
1803 5281 1846 5351 lp-

221 5351 379 5408 ollerendas
390 5354 495 5410 hostias
506 5371 555 5426 pro
569 5355 701 5425 peccatis,
717 5366 744 5411 ει
754 5367 783 5412 ιιι
800 5357 902 5415 Christi
917 5361 1008 5416 cruci·
1060 5380 1122 5421 sum
1134 5366 1161 5420 in
1174 5382 1221 5421 ara
1232 5370 1322 5425 erucis
1331 5356 1431 5426 ob'tulit
1443 5371 1513 5426 idem
1526 5372 1654 5427 sacerdos
1669 5381 1697 5427 ει
1706 5371 1795 5427 bostla
1809 5371 1845 5443 ¹⁹,

221 5446 269 5500 lixi
295 5446 409 5519 vestigia
437 5448 591 5504 sacerdotes
619 5447 646 5501 in
664 5447 858 5506 misericordie
880 5452 1009 5522 operibus
1060 5466 1087 5512 ει
1099 5458 1189 5514 adbuc
1206 5460 1344 5531 gloriosus
1358 5463 1453 5534 implet
1472 5463 1600 5530 olllcium,
1615 5465 1680 5520 dum
1696 5465 1795 5523 sedens
1810 5464 1846 5527 ati

221 5538 376 5606 imitentur,
390 5540 437 5610 qui
452 5549 611 5611 potestatem
624 5542 830 5600 consecrandis
847 5554 1009 5602 consecrato
1060 5549 1201 5605 dexteram
1222 5549 1314 5606 Patris
1327 5554 1448 5624 qnotidie
1471 5552 1625 5625 interpellat
1650 5569 1701 5626 pro
1714 5538 1845 5617 nobis'·r

220 5628 341 5687 Domino
351 5632 515 5689 sortiuntur.
1061 5641 1133 5698 Cum
1147 5642 1240 5716 itaque
1254 5644 1310 5700 lier
1325 5661 1419 5718 regum
1432 5647 1466 5716 ¹¹,
1479 5646 1528 5702 Dei
1543 5649 1630 5706 virtus
1639 5658 1665 5706 et
1679 5646 1726 5706 Dei
1738 5651 1846 5723 sapien-

250 5790 283 5824 Ι
297 5788 405 5858 Acte-5.
443 5788 585 5862 “Sapb
626 5789 797 5849 ⁴¹Num.ll.
832 5793 989 5852 ”sueto
1027 5797 1212 5855 ⁸⁸tlattlr.tt.
1250 5800 1274 5832 ‘⁸
1299 5800 1321 5855 lt
1348 5800 1411 5858 Cor.
1423 5802 1449 5859 6.
1488 5804 1511 5838 '¹
1531 5805 1627 5864 llCor.
1650 5809 1677 5866 9.
1715 5811 1844 5868 “llatttn

218 5859 266 5916 22.
321 5861 344 5891 ‘⁷
358 5859 430 5916 Psal.
447 5860 509 5916 ttt.
562 5860 734 5922 ιι’(ἷειι.ἳ“1.
786 5862 898 5921 ⁰loun.
919 5868 963 5924 li.
1017 5869 1180 5926 ”loanb
1219 5870 1392 5929 ”trunto
1441 5873 1623 5934 '’loannll.
1673 5875 1735 5937 ”lt
1773 5883 1845 5939 εὖ.

219 5930 506 5997 '‘Luc.l;lsa.6l.
556 5933 717 5993 ”iteret
770 5934 919 6010 ’‘loanb.
973 5937 1141 5998 ”loamlb
1189 5941 1382 5999 ’‘baernto.
1433 5944 1623 6006 '‘beerbtl.
1680 5952 1703 5986 ⁸⁰
1745 5953 1845 6011 elini.

220 5999 305 6059 ltom.
318 6001 345 6058 8.
372 6002 393 6035 ⁸¹
410 6004 495 6075 apoc.
511 6002 553 6060 lit.
940 6010 953 6016 “
1180 6006 1187 6017 ’
