4350 6709
270 562 326 620 bia
805 550 908 610 reta]
928 548 1053 609 VALLlS
1071 545 1210 604 canstat!
1230 544 1385 602 ttoaactlt
1845 546 1896 603 ⁰76

271 691 396 744 craesum,
412 686 546 742 suamque
561 670 705 738 familiam,
719 686 780 743 quae
793 671 819 725 in
834 669 938 727 Christi
948 668 1060 742 negotio
1074 681 1098 739 Α
1111 663 1253 738 patefactis
1260 663 1363 734 januis,
1378 678 1440 719 eum
1452 679 1545 720 comes
1558 663 1746 721 aientis-ionis
1759 642 1901 720 aeiruee·

271 768 317 822 din
327 783 420 823 secum
435 766 616 830 laboraverat,
629 766 682 820 iter
695 765 813 835 arripuit
823 763 856 817 ad
869 771 990 818 castrum
1012 761 1062 818 ob-
1113 757 1212 828 siguati
1223 765 1316 812 essent
1329 756 1457 821 inernies,
1469 770 1519 824 pro
1528 771 1561 810 eo
1572 756 1645 824 quod
1658 755 1691 810 de
1701 770 1767 824 paee
1780 755 1901 825 episcopi

187 902 191 910 .
271 876 378 918 sessum
394 859 510 914 viriliter
525 859 753 934 succurrendum.
769 859 802 913 Et
815 859 879 913 dum
895 857 940 912 die
954 856 1059 918 alartis,
1111 859 1140 906 et
1153 850 1266 904 abbates
1279 847 1390 903 insimul
1406 849 1598 917 loquebantur,
1618 847 1712 902 hostes
1726 845 1771 901 Dei
1784 849 1906 918 superbe

272 953 344 1008 inira
361 962 473 1008 octavas
483 951 665 1022 supradictas,
683 952 801 1005 venisset
812 946 970 1004 illerristi
983 961 1062 1002 caer·
1115 960 1149 1001 ae
1164 943 1354 1000 fraudulenter
1373 943 1483 1008 armati,
1497 943 1587 996 vicum
1602 941 1758 996 subintrare
1771 957 1837 997 cum
1852 942 1906 996 im·

270 1047 342 1103 citus
360 1046 392 1100 ad
419 1045 556 1115 quoddam
571 1053 691 1100 castrum
713 1044 784 1114 quod
804 1043 905 1097 dieitur
925 1039 1062 1095 Sarenlu-
1113 1043 1384 1109 pctuattentarunt:
1400 1035 1447 1091 sed
1470 1034 1579 1105 perlici
1604 1036 1718 1104 gratiam
1737 1048 1827 1091 asuo
1844 1034 1906 1091 itte·

271 1138 529 1203 immemorabilis
551 1137 700 1207 episcopus
720 1134 836 1201 Tolosae,
849 1134 894 1188 cui
914 1131 1061 1186 commissa
1113 1127 1626 1195 runtdesideriodclraudati.Quorum
1638 1129 1795 1198 superbiam
1808 1144 1905 1186 carnes

221 1219 223 1222 ’
271 1224 838 1296 eratasurnmopmritiiiceTolosanorum
859 1219 1060 1284 reconciliatio,
1112 1230 1139 1277 et
1170 1222 1352 1293 crucesignati
1384 1222 1528 1287 ridentes,
1556 1236 1619 1276 cum
1645 1221 1705 1276 sine
1729 1221 1854 1290 periculo
1877 1231 1905 1278 et

271 1319 336 1376 licet
359 1321 392 1373 de
413 1319 636 1374 reconciliatione
660 1328 701 1372 ter
718 1316 760 1370 vel
780 1322 877 1385 quater
890 1313 1060 1379 nronuisset,
1112 1315 1213 1369 damno
1237 1315 1358 1370 marimo
1373 1312 1487 1367 ulterius
1506 1313 1614 1367 differre
1628 1330 1681 1368 non
1704 1321 1830 1384 possent,
1854 1329 1905 1386 per

273 1412 353 1480 cuius
367 1411 615 1475 admonitionibus,
629 1408 876 1473 licetsalnbribus,
888 1406 1062 1476 acquiescere
1112 1406 1205 1461 cordis
1232 1406 1423 1461 contritionem
1444 1413 1471 1461 ct
1493 1406 1551 1462 oris
1565 1405 1785 1471 confessionem,
1809 1416 1905 1477 utpote

271 1503 489 1574 postponebant,
514 1503 712 1572 respondentes
724 1515 805 1569 super
830 1499 882 1553 boc
908 1498 1062 1552 nullatenus
1112 1499 1162 1553 riri
1179 1499 1297 1554 cultores
1311 1500 1371 1554 lldci
1389 1497 1562 1566 Christiane,
1582 1499 1704 1555 mundati
1724 1501 1905 1558 salubritera

273 1594 494 1664 responderoad
510 1594 599 1648 dictes
612 1603 739 1664 regemct
756 1590 909 1646 Tolosanns
928 1590 956 1644 in
981 1589 1059 1644 obsi·
1113 1590 1252 1659 peccatis,
1269 1591 1354 1646 armis
1378 1592 1477 1647 suisse
1501 1591 1614 1647 viriliter
1633 1593 1834 1662 accinxerunt,
1856 1608 1905 1651 re-

272 1683 356 1740 dione
370 1685 476 1741 alurelli
489 1685 650 1740 assistentes
663 1700 728 1739 suas
743 1684 817 1738 misit
832 1684 946 1747 litteras,
958 1681 1063 1753 signia·
1113 1683 1274 1754 nientcsque
1288 1685 1321 1738 ad
1343 1685 1518 1754 saepedictum
1532 1684 1640 1740 Tolosae
1655 1687 1831 1757 episcopum,
1854 1689 1903 1761 qni

272 1793 339 1832 cans
356 1780 397 1833 eis
413 1779 486 1848 quod
505 1778 626 1848 episcopi
650 1776 793 1831 rirernnrati
809 1775 968 1839 renicbant,
981 1783 1011 1829 ut
1028 1776 1062 1829 de
1112 1779 1276 1832 atteteritate
1289 1775 1321 1831 b.
1333 1775 1519 1832 Narbonensis
1532 1779 1729 1849 arciriepiscopi
1743 1781 1906 1851 apostoliam

272 1886 340 1941 paee
353 1880 381 1924 et
394 1872 542 1927 concordia
556 1871 700 1940 diligenter
714 1878 878 1934 tractarent,
904 1877 931 1923 et
954 1868 1061 1938 petebat
1112 1869 1185 1924 sedis
1212 1869 1291 1941 legati
1318 1869 1462 1941 legationis
1482 1869 1571 1925 efficio
1589 1868 1769 1941 iungebatur,
1784 1875 1904 1928 exerendi

273 1961 325 2014 sibi
341 1963 399 2016 dari
413 1964 542 2017 ducatum
561 1977 699 2018 securam.
713 1960 741 2015 ln
757 1961 878 2016 crastino
890 1969 992 2025 autem,
1005 1960 1061 2030 pri·
1112 1961 1251 2016 licentiam
1271 1970 1366 2016 contra
1392 1961 1485 2038 bostes
1499 1962 1560 2017 adei
1586 1962 1726 2018 lmmiliter
1744 1965 1904 2034 petieruntt

272 2070 317 2109 aaa
333 2056 376 2109 die
389 2055 517 2109 tter-curti
530 2057 726 2124 subsequente,
741 2054 805 2124 quia
823 2068 866 2108 res
881 2054 922 2108 sic
937 2054 1060 2124 urgebat,
1079 2040 1099 2096 Β
1114 2070 1178 2126 qua,
1195 2055 1259 2125 quia
1272 2054 1411 2125 negotium
1426 2064 1486 2109 erat
1501 2056 1528 2109 in
1543 2064 1622 2110 arcto
1646 2056 1839 2124 constitutum,
1854 2072 1905 2113 ne·

274 2148 451 2216 supradictus
466 2149 602 2202 exercitus
618 2148 684 2201 exiit
699 2145 868 2213 Sarerduno,
882 2145 1014 2202 festinans
1027 2146 1061 2201 ad

273 2253 436 2294 succursum
457 2238 565 2293 alurelli
592 2238 717 2294 celeriter
740 2239 881 2306 aduenire3
905 2240 970 2295 dicti
998 2246 1062 2295 sero

273 2328 395 2398 episcopi
419 2329 563 2384 memorati
585 2338 798 2398 proposuerant,
827 2330 898 2398 apud
924 2330 1061 2399 quoddam

1112 2148 1248 2205 cessitatis
1267 2146 1385 2203 articulo
1407 2147 1600 2218 compellente,
1623 2162 1772 2214 coisacam,
1796 2164 1848 2220 pro
1870 2162 1907 2206 eo

1113 2241 1184 2312 quod
1210 2240 1297 2310 ipsam
1317 2238 1429 2294 domum
1454 2239 1550 2309 inqua
1573 2241 1694 2311 episcopi
1714 2241 1912 2311 irrorabantur,

1113 2333 1163 2404 ipsi
1187 2332 1392 2388 aostcsereetis
1417 2332 1473 2403 jam
1497 2333 1633 2388 machinis
1657 2333 1773 2404 aliisque
1799 2334 1907 2392 bellicis

273 2430 392 2477 castrum
403 2422 476 2490 quod
499 2422 601 2476 dieitur
614 2421 754 2491 altaripa,
769 2426 842 2492 quoa
857 2423 976 2476 medium
992 2423 1063 2477 inter
1114 2426 1304 2481 instrumentis
1327 2423 1495 2482 festinabant
1510 2427 1634 2496 protinus
1658 2426 1833 2498 impugnare,
1861 2429 1908 2484 ba·

273 2513 462 2569 Saverdunum
489 2524 516 2569 ct
539 2513 700 2582 alurellnnr,
726 2515 865 2586 distatque
885 2518 921 2571 ab
944 2527 1063 2588 iitroque
1114 2520 1240 2575 listarum
1268 2519 1419 2590 quarellis,
1439 2518 1540 2589 jaculis
1561 2527 1644 2590 atque
1669 2520 1772 2577 lanceis
1794 2521 1907 2579 emissit

271 2610 379 2665 duabus
388 2610 484 2679 leucis,
499 2620 529 2665 ut
541 2612 577 2667 ibi
590 2613 704 2667 arissam
717 2614 842 2668 nuntium
854 2624 1061 2685 exspectarent:

272 2717 318 2771 qur
331 2706 444 2758 iiuntins
463 2704 572 2759 rediens
586 2714 708 2774 exparte
727 2709 799 2775 regis
822 2707 965 2776 respnrdit
986 2710 1062 2779 qrrod

272 2808 306 2848 ea
318 2810 374 2863 quo
386 2797 505 2866 episcopi
524 2811 587 2851 cum
600 2797 721 2851 exercitu
736 2798 899 2865 sarriebant,
912 2814 967 2854 non
985 2802 1063 2856 daret

271 2890 313 2944 eis
327 2890 458 2943 ducatum
476 2907 483 2942 a
499 2889 550 2959 ipsi
562 2889 671 2960 quidem
695 2891 846 2946 ullomodo
865 2908 920 2947 nun
937 2902 1063 2963 poterant

272 2983 313 3036 ire
333 2982 393 3036 sine
413 2981 558 3036 inabilestn
571 2982 693 3052 periculo
712 2991 822 3052 propter
836 2999 973 3053 guerram.
993 2985 1061 3041 Corn

272 3073 392 3144 episcopi
404 3082 432 3128 et
441 3074 687 3130 Caristiexereitns
698 3074 839 3130 blurellum
847 3077 1016 3145 accederent,
1029 3094 1062 3134 cx

1113 2614 1250 2670 hostiliter
1262 2613 1494 2685 circumquaque:
1511 2612 1614 2669 Clrrlsti
1630 2614 1730 2670 milites
1749 2616 1905 2682 reverendi,

1113 2705 1178 2772 ligni
1196 2703 1331 2759 borninici
1352 2704 1495 2776 signaculo
1511 2720 1574 2760 cum
1590 2705 1717 2776 insigniis
1741 2705 1907 2776 pontilicall·

1113 2796 1165 2851 bus
1176 2795 1341 2867 consignati,
1356 2796 1384 2850 in
1399 2797 1511 2851 nomine
1527 2794 1556 2851 S.
1570 2793 1714 2852 Trinitatis
1729 2798 1819 2854 tribus
1831 2801 1908 2855 ueie-

1113 2887 1165 2944 bus
1186 2888 1328 2959 dispositis
1354 2889 1492 2945 exierunt.
1508 2887 1607 2944 Hostes
1625 2904 1691 2945 rere
1712 2906 1727 2946 e
1753 2892 1905 2960 centrario,

1113 2982 1213 3037 multas
1228 2982 1359 3036 babentes
1372 2982 1454 3048 acies,
1469 2992 1498 3037 et
1512 2983 1628 3037 multum
1643 2999 1766 3055 magnas,
1777 2987 1837 3066 suis
1845 2986 1905 3056 jam

1114 3074 1213 3129 muniti
1225 3074 1309 3129 armis
1324 3075 1440 3129 tentoria
1452 3083 1517 3129 sunt
1529 3077 1644 3146 egressi.
1658 3074 1743 3144 Qttbs,
1755 3078 1819 3133 lieet
1833 3079 1908 3134 lirul*

272 3170 456 3239 partecivium
468 3167 1063 3242 Tolosanorumpriortrospitaiis'ioiosaesa
1114 3175 1157 3221 tos
1180 3167 1281 3224 milites
1318 3175 1344 3221 et
1366 3168 1498 3236 populum
1524 3168 1641 3224 multum
1664 3170 1768 3237 uirnis,
1789 3172 1904 3229 cilemes

271 3267 429 3336 episcopum
449 3262 614 3320 Tolosanum
635 3266 738 3322 missus
749 3269 823 3323 verrit
834 3309 842 3331 ‚
854 3268 944 3325 [egens
958 3286 1053 3326 popum
1113 3255 1216 3314 Chiisii
1230 3260 1264 3314 (le
1279 3258 1365 3328 ipsius
1374 3260 1478 3315 alitilia)
1489 3261 1668 3328 confidentis,
1678 3272 1705 3318 ei
1718 3263 1782 3319 litei
1794 3264 1906 3320 iliorum

249 3426 251 3436 Ι
272 3359 378 3414 litteras
392 3358 419 3411 in
433 3359 535 3428 quibus
548 3359 740 3415 continebatur
750 3361 822 3431 quod
832 3363 922 3418 modis
932 3366 1062 3421 omnibus
1114 3357 1239 3418 1111111111
1265 3351 1447 3419 paucissimi,
1470 3367 1597 3423 magnam
1622 3353 1826 3410 1111111111111111
1849 3372 1906 3412 111111

272 3451 444 3522 paratiorem
454 3447 827 3521 bpapaeetipsinsepiscopi
839 3452 928 3509 iacere
939 3455 1063 3513 relinita·
1114 3450 1248 3509 1111111111,
1260 3445 1356 3498 1111111111
1367 3458 1401 3498 11
1415 3445 1471 3500 11110
1483 3445 1598 3501 111111111
1613 3454 1678 3501 111111
1692 3448 1825 3519 aiamsi·
1841 3446 1907 3503 5¹³·

272 3541 831 3613 tom:quodquiaemeisbonumlarissensi
839 3559 1064 3616 compensassent

271 3635 365 3688 serius
379 3632 451 3687 iacta
465 3630 656 3687 dietisaiiaem
669 3646 735 3687 rere
744 3634 828 3704 priori
838 3636 932 3690 statim
947 3638 1063 3694 remisso

272 3724 442 3795 abepiscopo
449 3723 587 3792 respondit
595 3739 640 3778 rex
652 3725 858 3791 qnodducatum
869 3730 997 3799 episcopo
1008 3746 1063 3785 non

272 3819 414 3887 praeberet,
427 3815 485 3882 sed,
506 3815 528 3869 si
542 3817 622 3871 uellet
640 3823 680 3871 ire
698 3816 843 3886 Tolosam,
856 3829 886 3874 ut
900 3836 962 3876 cum
979 3819 1062 3875 Tolo-

274 3909 353 3962 sanis
367 3911 534 3977 loquerctur,
547 3923 609 3962 cunr
623 3911 785 3966 concrederet
798 3912 862 3966 illac
886 3913 925 3966 ire
939 3931 946 3967 ε
962 3923 989 3968 ct
1011 3914 1063 3970 boe

272 4000 405 4054 derisorie
428 3999 478 4053 luit
501 3999 616 4054 dictum,
641 4000 682 4054 ad
697 4003 769 4071 quod
790 4003 980 4072 episeopus:c
1002 4003 1061 4058 b'on

273 4093 360 4155 decet,
378 4091 476 4160 inquit,
493 4107 604 4145 serrum
620 4093 758 4147 civitatem
773 4093 886 4161 intrare,
898 4096 932 4150 dc
946 4113 1000 4167 qua
1014 4099 1063 4153 eio-

274 4180 366 4234 uiirins
383 4195 450 4234 sirus
463 4181 541 4234 exsul
558 4190 600 4235 cst
613 4183 733 4250 ejectus;
744 4199 794 4239 nee
807 4201 872 4257 ego,
888 4201 949 4241 cum
963 4193 1073 4259 corpus'

273 4272 377 4328 cirristi
389 4272 423 4326 de
438 4274 548 4328 ciuitate
559 4275 604 4329 illa
617 4276 735 4345 ejectum
746 4278 838 4344 luerit,
852 4253 917 4338 illie
928 4292 1060 4351 revertar,

273 4365 362 4419 donec
384 4363 456 4421 Deus
478 4382 556 4421 meus
577 4374 604 4422 et
618 4365 751 4427 [lominus
775 4388 853 4429 triens
873 4386 1058 4430 revertatur.»

275 4460 469 4515 Verumtamen
484 4461 550 4516 dieti
560 4462 682 4533 episcopi
702 4480 764 4520 eum
778 4469 899 4523 exercitu
915 4467 1060 4524 burellum

274 4552 450 4609 intraveram
464 4555 508 4611 aie
523 4555 650 4611 aiereurii
668 4561 794 4628 superius
817 4570 968 4619 memorata
991 4565 1060 4635 :qui

273 4646 457 4703 sollicitudine
469 4663 524 4703 non
537 4651 624 4722 pigra,
636 4651 706 4707 duos
720 4653 794 4709 siros
806 4654 949 4725 religiosos
963 4656 997 4711 ad
1013 4673 1060 4712 re·

1115 3534 1164 3590 tim
1181 3535 1268 3591 rictus
1283 3535 1416 3594 aatissimi
1442 3553 1491 3608 per
1511 3553 1609 3593 niarrus
1623 3552 1765 3594 serrorum
1786 3554 1903 3595 suorum

1114 3629 1283 3683 bostessuos
1298 3626 1448 3701 enidregit,
1466 3639 1494 3685 et
1512 3632 1676 3687 cornnrinuit
1695 3632 1722 3686 in
1746 3644 1903 3702 momento;

1114 3727 1188 3790 terga
1207 3721 1280 3774 enim
1296 3730 1443 3789 vertentes,
1462 3723 1488 3778 in
1504 3722 1597 3794 lugam
1610 3723 1674 3779 iacti
1692 3738 1756 3780 sunt
1769 3734 1904 3794 tanqnarn

1114 3812 1203 3883 pulvis
1215 3823 1278 3869 ante
1296 3813 1393 3871 faciem
1409 3820 1492 3884 venti,
1512 3827 1538 3872 ct
1558 3819 1670 3889 angelus
1684 3817 1790 3874 bortrini
1812 3836 1907 3892 perse·

1113 3919 1328 3978 quenseoserat.
1337 3910 1369 3965 ili
1380 3912 1494 3982 turpiter
1504 3911 1650 3984 fugientes,
1666 3915 1738 3984 turpi
1751 3915 1814 3986 iuga
1829 3931 1906 3970 mor-

1114 4001 1310 4072 rispericutnrn
1323 4015 1488 4070 eraserunt,
1504 4006 1549 4060 alii
1563 4006 1681 4062 vitantes
1697 4007 1812 4078 gladios,
1825 4026 1906 4081 aqnae

1113 4096 1236 4166 periculo
1250 4098 1401 4168 perierunt,
1415 4101 1591 4172 quamplures
1606 4117 1670 4156 sero
1688 4102 1804 4158 luerunt
1816 4103 1844 4158 in
1856 4118 1908 4159 oro

1115 4188 1197 4259 gladii
1211 4190 1345 4246 elevorati.
1366 4191 1404 4248 Ile
1426 4192 1524 4246 illustri
1550 4208 1613 4263 rege
1631 4192 1836 4264 arragonensi,
1856 4194 1907 4265 qui

1113 4299 1175 4340 cum
1194 4282 1345 4340 interiectis
1360 4284 1500 4348 occubuit,
1516 4284 1664 4354 plurimum
1679 4294 1721 4341 cst
1742 4285 1904 4353 dolendum,

1112 4376 1175 4446 quia
1186 4376 1313 4446 princeps
1328 4387 1382 4430 tam
1397 4385 1494 4446 potens
1507 4387 1534 4430 et
1549 4378 1649 4432 nobilis
1662 4420 1669 4443 ,
1684 4379 1747 4447 qui,
1765 4378 1788 4432 si
1803 4379 1905 4448 rellei,

1112 4476 1205 4536 posset
1228 4474 1256 4520 ct
1280 4467 1391 4522 deberet
1416 4465 1543 4522 Ecclesiae
1569 4477 1670 4522 sanctae
1686 4469 1760 4524 utilis
1783 4458 1919 4525 erinitum¹

1112 4572 1188 4623 esse,
1221 4572 1294 4612 nunc
1317 4556 1420 4612 Christi
1445 4558 1590 4629 adjunctus
1622 4558 1764 4626 hostibus,
1797 4558 1904 4617 Christi

1112 4650 1215 4705 anricus
1233 4658 1261 4704 et
1272 4657 1394 4706 sanctam
1410 4647 1561 4704 Ecclesiam
1577 4645 1702 4718 improbe
1711 4652 1902 4722 perturbabat.

274 4754 334 4808 gem
348 4748 376 4795 et
388 4741 462 4796 eires
475 4739 627 4802 'tolosanos
642 4742 825 4811 destinarunt,
837 4747 884 4816 qui
901 4762 915 4800 a
929 4763 993 4819 rege
1005 4748 1060 4802 tale
1075 4763 1098 4817 p
1146 4740 1292 4809 Caeterum,
1306 4757 1369 4797 cirin
1392 4741 1509 4797 uictores
1533 4758 1548 4797 a
1576 4743 1649 4799 cade
1662 4753 1689 4799 et
1712 4748 1904 4815 persecutione

275 4830 431 4886 babuerunt
443 4848 616 4903 responsum,
631 4836 829 4908 quodpropter
842 4847 960 4908 quatuor
975 4841 1060 4912 ribal-

274 4923 344 4987 dos,
368 4933 445 4995 iquos*
459 4927 580 4997 episcopi
602 4943 695 4984 seeum
723 4930 912 4998 adduxerant,
934 4934 1063 5002 petebant

274 5014 441 5083 colloquium
454 5015 556 5073 babere
570 5033 634 5073 cum
649 5019 718 5090 ipso,
741 5030 769 5076 et
786 5023 844 5078 brec
858 5023 928 5078 dixit
946 5026 973 5079 in
988 5025 1062 5081 deri-

275 5114 387 5161 sumet
412 5116 598 5178 contemptum
623 5111 806 5179 signatorum.
835 5113 966 5170 Tolosani
996 5133 1062 5172 sero

275 5197 414 5266 praedictis
439 5200 544 5255 nuntiis
567 5202 767 5270 responderunt
792 5205 865 5276 quoa
894 5207 922 5260 in
939 5193 1061 5262 crastino

275 5304 358 5357 snper
384 5289 437 5344 bue
464 5292 679 5361 respondereut;
705 5304 732 5351 et
755 5296 807 5352 luae
832 5298 865 5353 de
903 5312 986 5353 causa
1013 5312 1062 5354 eos

274 5398 360 5451 usqne
387 5383 415 5436 in
447 5385 597 5440 erastinum
626 5395 782 5445 mouerunt.
814 5388 843 5443 Ιιι
873 5391 994 5447 crastino
1013 5407 1063 5445 au-

273 5479 344 5537 tern,
367 5474 455 5542 prima
478 5476 524 5531 die
551 5475 642 5545 toris,
678 5482 879 5549 responderunt
910 5483 984 5552 quod
1009 5483 1061 5552 ipsi

273 5564 330 5634 regi
341 5564 526 5638 arragonensi
540 5580 619 5626 erant
629 5570 816 5638 eonioederati,
825 5583 853 5629 et
863 5575 931 5630 triarii
942 5575 1062 5632 lacerent

274 5657 326 5711 nisi
339 5658 411 5728 regis
422 5660 449 5712 in
460 5661 774 5720 omnibusvoluntatem.
784 5666 863 5732 Quod
876 5684 938 5724 cum
950 5669 1063 5725 redemi-

274 5759 315 5804 tes
330 5752 489 5822 ruane,ipsa
502 5755 547 5810 die
559 5754 637 5813 loris
651 5759 739 5813 nuntii
751 5760 919 5828 retulissent,
941 5763 1061 5833 episcopi

273 5850 301 5894 et
312 5842 425 5900 abbates
434 5847 608 5904 discalceatis
618 5848 744 5919 pedibus,
760 5853 800 5908 ire
811 5867 1015 5927 proposuerunt
1027 5857 1060 5911 ael

273 5947 365 6004 regem
382 5953 389 5989 ι
405 5947 432 5992 et
454 5952 517 5992 euru
530 5940 676 6010 quemdam
692 5943 853 6014 religiosum
869 5946 1009 6003 mitterent
1027 5949 1062 6004 ad

274 6027 1059 6115 narrtiandururegiadrentum-ipsorumlnbuncmodum,

1112 4834 1233 4891 bostium
1250 4843 1452 4889 reverterentur
1465 4850 1526 4890 cum
1538 4834 1652 4891 victoria
1663 4837 1792 4908 gloriosa,
1813 4832 1914 4910 sape?

1112 4928 1202 4984 dictus
1217 4925 1370 4982 Tolosanus
1386 4926 1541 4998 episcopus,
1558 4925 1757 4983 Tolosanorum
1773 4931 1859 5002 stragi
1875 4939 1904 4987 et

1112 5020 1245 5086 miseriae,
1267 5018 1428 5073 ebaritatire
1452 5027 1479 5074 et
1494 5019 1686 5076 miserabiliter
1710 5023 1901 5091 compatiens,

1112 5117 1193 5172 corde
1208 5117 1264 5186 pio,
1279 5113 1388 5184 eosqui
1411 5113 1444 5168 de
1467 5114 1567 5186 stragis
1588 5115 1700 5171 residuo
1716 5115 1806 5171 adbuc
1828 5117 1903 5174 intra

1112 5223 1162 5264 sua
1178 5209 1294 5263 tentoria
1315 5209 1502 5275 morabantur,
1524 5209 1630 5263 salvare
1647 5209 1771 5278 cupiens,
1787 5224 1824 5264 ne
1836 5224 1904 5278 per·

1113 5302 1193 5368 irent,
1221 5312 1251 5358 ut
1272 5303 1367 5359 saltem
1384 5310 1523 5359 tantorum
1542 5303 1708 5374 flagellorum
1728 5304 1843 5359 uerbere
1856 5321 1905 5361 ca·

1112 5395 1214 5465 stigati,
1232 5395 1316 5451 citum
1340 5398 1489 5467 periculum
1506 5400 1661 5463 eradentes,
1677 5406 1905 5454 corivcrterentur

1112 5487 1146 5541 ad
1162 5485 1322 5557 licerinum,
1335 5498 1362 5544 et
1374 5490 1496 5546 viverent
1511 5489 1539 5545 in
1555 5489 1607 5545 tide
1619 5489 1756 5545 Calliclica
1768 5505 1904 5562 perman-

1113 5581 1181 5647 suri,
1208 5581 1291 5637 missa
1316 5583 1356 5638 eis
1382 5596 1430 5653 per
1458 5583 1603 5653 quemdam
1625 5580 1795 5653 religiosum'
1810 5582 1903 5637 rtrum

1112 5673 1217 5728 cuculla
1229 5688 1284 5744 qua
1296 5674 1407 5730 indutus
1419 5683 1488 5741 erat,
1505 5676 1644 5731 mandarit
1664 5676 1703 5732 cis
1728 5676 1802 5746 quod
1828 5692 1904 5732 truite

1112 5767 1221 5823 demum
1238 5784 1313 5823 arma
1328 5777 1418 5825 suaet
1433 5784 1511 5824 suam
1527 5770 1694 5841 deponerent
1708 5770 1856 5838 feritatern,
1876 5780 1903 5827 et

1113 5861 1232 5918 inernies
1257 5861 1379 5917 venirent
1408 5862 1441 5918 ad
1468 5864 1568 5933 ipsum,
1594 5874 1623 5918 ut
1648 5879 1695 5920 eos
1723 5862 1842 5920 salvaret
1867 5862 1905 5921 de

1112 5963 1199 6009 morte
1215 5973 1222 6009 ε
1238 5956 1286 6026 qui
1310 5954 1401 6012 adbuc
1424 5972 1533 6029 quoque
1563 5958 1590 6012 in
1618 5973 1669 6014 sua
1694 5968 1903 6028 perseverantes

1112 6045 1227 6118 malitia,
1239 6057 1267 6104 et
1279 6040 1327 6120 ee,
1350 6048 1466 6123 quiqam
1486 6048 1550 6108 rieti
1564 6057 1652 6119 crant,
1676 6049 1775 6107 rieisse
1798 6048 1902 6108 Christi
