4350 6709
272 526 327 585 855
529 528 718 588 btstoetls
734 529 780 585 bt:
797 528 993 588 conrttctb
1014 529 1147 587 sttottts
1165 531 1221 593 Diii
1241 533 1285 589 st
1304 532 1445 594 LINGUAE
1467 535 1628 595 DOLOSAE.
1844 543 1899 613 liii}

273 642 512 712 amplectentibus.
528 643 595 698 Nori
609 660 728 716 ottoque,
742 646 815 716 qtrod
827 647 880 711 via,
895 663 949 718 qua
965 648 1063 704 iturad
1078 649 1101 704 Α
1149 647 1232 703 Arnor
1248 648 1295 704 bei
1304 665 1314 703 .·
1328 649 1440 721 Emptor
1451 660 1503 718 est,
1519 655 1566 724 qui
1585 652 1710 710 videlicet
1727 628 1902 711 asoecrtlit'a·

272 732 409 797 coelestia.
423 736 513 805 ampla
528 742 570 791 εει
585 734 704 791 ildeliunt
720 736 789 808 spei,
807 736 871 794 licet
884 746 960 794 areta
973 738 1010 795 sit
1021 738 1063 795 in·
1114 741 1199 797 nitate
1214 758 1365 799 conversus
1384 744 1516 816 relinquit
1531 745 1703 816 temporalia,
1720 752 1750 800 ut
1762 746 1901 816 possideat

273 826 395 885 bdelium
414 831 539 885 vanitati.
1114 843 1225 898 aetevna,
1237 835 1280 889 cui
1297 834 1324 890 in
1335 836 1524 893 conversionis
1540 836 1653 893 exordio
1663 835 1690 890 id
1700 837 1773 909 quod
1786 838 1899 907 patitur,

308 920 349 976 Ad
364 921 437 992 quod
460 920 563 994 Linprto
583 922 699 979 dolosa:
715 923 799 980 bliror
822 933 849 982 te
870 926 973 992 dicere,
989 927 1062 999 orrod
1114 940 1197 996 grave
1219 926 1300 982 nimis
1315 926 1432 983 videtur.
1453 927 1549 982 bdlrue
1569 928 1643 982 enim
1664 943 1738 982 nora
1757 930 1902 985 conversio

271 1004 320 1063 ilci
331 1009 371 1063 tui
383 1009 482 1082 iugum
501 1011 560 1067 leve
575 1012 621 1075 sit,
635 1029 697 1069 cnm
714 1013 801 1070 bonos
817 1015 902 1071 tantis
924 1016 1063 1073 laboribus
1114 1016 1236 1089 pristinae
1247 1018 1309 1073 ritae
1328 1019 1547 1074 commistionem
1561 1019 1654 1075 babet.
1668 1018 1794 1077 Sericum
1811 1038 1903 1078 reces-

273 1099 416 1157 rideamus
429 1103 539 1174 agitari,
558 1103 662 1169 venari,
681 1107 791 1161 concuti
806 1114 891 1177 atque
904 1109 1020 1172 turbari,
1034 1116 1064 1163 ut
1115 1113 1189 1172 serit,
1206 1109 1233 1162 irl
1245 1117 1287 1164 cst
1302 1126 1363 1164 cum
1380 1111 1487 1180 plenius
1502 1110 1536 1165 alt
1555 1126 1647 1168 amore
1670 1111 1765 1167 mundi
1780 1114 1900 1168 animum

273 1207 333 1246 nou
352 1207 368 1246 a
388 1193 480 1249 labore
492 1194 525 1248 ad
540 1197 671 1266 quietem,
687 1197 734 1253 sed
751 1213 767 1252 a
783 1199 874 1269 qrriete
892 1200 925 1254 ad
942 1200 1062 1255 laborem
1115 1203 1308 1272 segregaverit,
1333 1209 1399 1255 tunc
1415 1202 1559 1273 gloriatur.
1574 1202 1648 1273 qnod
1673 1205 1761 1274 magis
1776 1205 1803 1259 in
1819 1206 1901 1276 spiri-

272 1298 340 1340 essc
347 1287 434 1341 necati
449 1286 601 1350 videantur,
618 1291 665 1352 ita.
682 1298 712 1344 ut
723 1291 829 1357 multis,
842 1293 960 1349 acmiris
976 1294 1064 1350 orodis
1115 1295 1235 1349 tualllms
1250 1294 1330 1348 donis
1345 1293 1464 1358 letatur,
1479 1309 1560 1365 quiam
1574 1295 1649 1364 prius
1663 1294 1691 1351 in
1703 1297 1807 1351 carnali
1825 1298 1903 1352 rolu-

274 1385 399 1432 vexatum
425 1376 526 1434 selore
542 1388 660 1444 asserat,
676 1398 757 1453 quem
774 1381 821 1438 Dei
847 1384 887 1438 tui
908 1384 1062 1441 studiosum
1114 1393 1187 1457 ptnte
1201 1387 1394 1442 delectaretur.

273 1469 406 1525 cultorem
423 1468 484 1524 libri
496 1469 536 1525 tui
552 1471 681 1529 clamant.
1149 1477 1251 1547 bingae
1274 1477 1369 1532 doloso
1382 1494 1388 1528 :
1402 1475 1461 1532 lam
1478 1478 1520 1532 lae
1540 1477 1613 1548 qrrod
1628 1479 1754 1537 consulo.
1772 1479 1800 1536 Si
1814 1489 1841 1538 te
1856 1484 1904 1539 dc-

309 1562 350 1615 ltd
364 1561 436 1631 quod
452 1565 533 1617 Amor
547 1563 596 1618 Dei
611 1580 620 1619 .·
636 1563 770 1637 Superius
780 1567 901 1625 dixeram
915 1569 976 1633 tibi.
992 1568 1063 1625 unde
1114 1569 1195 1624 lectat
1207 1569 1497 1639 conversio,esspecta
1508 1585 1596 1639 usque
1611 1570 1645 1622 ad
1655 1580 1903 1636 senectutcm‚curn

273 1670 356 1710 nosse
368 1655 436 1711 satis
450 1672 557 1727 posses,
568 1660 705 1726 quomodo
718 1659 766 1716 bet
776 1662 828 1718 mei
836 1662 933 1733 iugum
948 1664 1006 1720 leve
1016 1664 1061 1719 sit.
1115 1660 1200 1716 boum
1227 1669 1302 1715 tuum
1322 1661 1432 1716 noveris
1453 1661 1515 1717 illos
1536 1662 1617 1715 ctiam
1640 1661 1753 1718 denario
1776 1679 1905 1728 reruune-

272 1744 350 1810 Quod
364 1753 454 1800 autem
475 1748 633 1817 specialiter
647 1747 680 1805 de
696 1751 814 1820 quodam
829 1750 876 1806 liei
891 1752 943 1807 mei
957 1753 1064 1808 cultore
1113 1766 1201 1812 rasse,
1228 1750 1274 1822 egui
1297 1751 1404 1806 vineam
1433 1749 1493 1821 ejus
1517 1749 1663 1806 undecima
1692 1751 1759 1806 hora
1785 1752 1904 1823 ingressi

272 1836 404 1907 loqueris.
415 1839 519 1904 neseio,
534 1856 615 1910 quem
631 1842 742 1912 pulsas;
763 1843 816 1898 nisi
830 1841 900 1899 lorte
914 1844 948 1899 ad
959 1857 1064 1899 memo‘-
1115 1850 1196 1911 sunt,
1215 1843 1287 1898 sieut
1308 1842 1389 1908 ilios,
1410 1843 1457 1913 qui
1483 1840 1570 1913 prima
1592 1842 1659 1898 bora
1676 1842 1801 1898 laborare
1813 1859 1904 1916 coepc·

273 1929 342 1982 riam
362 1944 477 1986 revoces
496 1932 584 1996 illum,
611 1948 692 2004 utrem
719 1934 822 1992 scimus
841 1933 875 1988 de
889 1951 918 1991 se
930 1937 1064 1991 veraciter
1114 1943 1188 1992 runt.

272 2019 388 2085 dixisse,
406 2023 479 2091 quod
504 2024 531 2077 in
546 2026 721 2090 carceribus,
743 2025 772 2080 iu
786 2027 875 2098 plagis
898 2043 981 2097 supra
1003 1999 1100 2082 nro·B
1149 2028 1232 2082 Amor
1243 2026 1309 2082 Dei:
1326 2024 1406 2082 blodo
1420 2024 1608 2096 perspicacius
1624 2025 1778 2090 intueor,te
1793 2024 1904 2096 peridem
1968 2024 1975 2033 '

272 2107 350 2175 dum,
367 2113 395 2166 in
411 2113 546 2169 urentibus
559 2112 717 2185 frequenter
735 2117 855 2187 pericula
874 2119 1026 2190 pertulerit.
1113 2120 1215 2175 habere
1229 2117 1348 2189 speciem
1363 2117 1536 2183 consulendi,
1553 2118 1600 2173 sed
1619 2133 1753 2173 venenum
1766 2115 1905 2189 deceptio·

310 2202 352 2258 Ad
363 2205 436 2274 quod
448 2204 553 2276 burgae
564 2206 679 2264 doloso:
697 2207 745 2265 llle
756 2217 798 2265 est
813 2209 847 2266 de
857 2228 912 2282 quo
928 2212 996 2269 dixi.
1115 2211 1159 2268 nis
1178 2211 1328 2275 occultare,
1341 2217 1368 2265 et
1382 2209 1433 2265 sub
1453 2207 1597 2264 dulcedine
1609 2208 1696 2264 mellis
1708 2208 1848 2279 porrigere
1873 2222 1905 2274 ac

308 2296 359 2351 Cui
374 2297 456 2352 Amor
477 2297 549 2354 liei:
569 2297 597 2353 Si
613 2299 646 2355 de
661 2301 721 2373 ipso
732 2302 837 2368 dixisti,
851 2304 898 2375 qui
912 2311 952 2360 tot
963 2313 989 2361 et
1002 2313 1064 2361 tan·
1114 2304 1260 2376 propinare
1274 2302 1484 2358 amaritudinem
1500 2299 1582 2356 fellis.
1606 2299 1673 2354 Nam
1699 2299 1828 2372 pestilera
1843 2313 1906 2371 per·
1980 2327 1984 2336 ·

272 2398 316 2444 tos
332 2389 439 2444 labores
456 2392 577 2459 pertulit,
590 2399 620 2446 ut
633 2393 716 2448 etiam
728 2394 870 2450 taediosom
892 2395 929 2451 sit
944 2411 1064 2454 courmc·
1114 2399 1244 2455 suasione
1256 2396 1374 2452 hortaris
1389 2411 1432 2451 me
1451 2395 1604 2452 senectutis
1617 2401 1904 2465 tempuserspectarc,

273 2494 393 2546 morare,
408 2481 481 2550 qrrod
495 2481 540 2537 ille
551 2497 600 2552 pro
614 2481 670 2539 beo
680 2498 742 2539 meo
755 2486 842 2540 voluit
855 2487 990 2555 tolerare;
1001 2504 1066 2545 con·
1114 2504 1177 2545 enm
1189 2487 1261 2544 Deus
1272 2503 1348 2544 meus
1366 2503 1413 2559 per
1425 2484 1599 2541 Salomonem
1609 2485 1674 2564 milri
1691 2485 1801 2550 dixerit,
1822 2493 1852 2540 ut
1862 2485 1905 2543 sai

272 2574 385 2628 veniens
402 2583 557 2633 tamennon
571 2583 623 2642 est,
641 2583 670 2630 ut
685 2577 738 2633 sibi
752 2578 859 2634 labores
871 2582 952 2638 nimis
967 2598 1064 2655 graves
1113 2595 1218 2636 memor
1230 2595 1319 2637 essem
1332 2580 1359 2634 io
1372 2585 1494 2648 tempore
1503 2577 1666 2648 juventutis.
1679 2574 1811 2643 Quieuiru
1829 2577 1907 2632 blan-

229 2680 232 2686 ·
273 2663 387 2729 luerint,
405 2681 475 2737 quos
493 2683 526 2722 er
542 2675 600 2723 tuto
621 2669 702 2726 eorde
717 2671 849 2743 suscepit.
864 2669 926 2746 ipse
945 2690 1064 2747 namque
1114 2675 1234 2746 diloquis
1256 2673 1430 2730 sermonibus
1454 2673 1508 2729 tuis
1536 2654 1630 2728 adrem
1669 2671 1905 2735 accommodant,

273 2757 302 2813 in
317 2758 540 2817 tribulationibus
555 2755 734 2833 gloriabitur,
748 2773 848 2821 etcum
865 2766 893 2821 iu
910 2766 1001 2822 varias
1011 2768 1064 2822 tri·
1115 2785 1173 2823 eant
1188 2767 1303 2822 eliserint
1324 2771 1351 2821 iu
1361 2766 1439 2821 corde
1453 2783 1517 2822 sno:
1530 2765 1590 2819 Pes
1602 2773 1627 2820 et
1641 2769 1780 2828 securitas,
1796 2775 1907 2820 ιιιιιιιϊ

273 2848 428 2906 balationes
452 2850 604 2916 incidisset,
619 2868 701 2910 omne
715 2855 846 2925 gaudium
859 2856 938 2925 juxta
961 2873 1063 2929 coapo-
1113 2860 1236 2930 pentinos
1250 2859 1287 2915 eis
1303 2860 1463 2930 superveniet
1485 2855 1807 2929 constringeremur).
1823 2855 1906 2933 llini-

274 2938 339 2993 stoli
358 2940 400 2995 sui
418 2942 498 2997 verba
512 2943 687 3011 existimavit,
702 2952 730 3000 et
742 2961 798 3000 non
809 2947 908 3013 tristis,
925 2948 973 3005 sed
984 2949 1064 3023 quasi
1115 2955 1216 3009 mirum
1229 2951 1276 3009 Dei
1291 2952 1343 3007 mei
1359 2951 1442 3006 verba
1456 2959 1484 3007 et
1498 2951 1626 3023 providas
1642 2950 1836 3007 similitudines
1859 2956 1906 3005 aut

274 3032 364 3088 tristis
375 3041 444 3097 erat,
454 3051 561 3106 semper
572 3045 661 3091 auteur
669 3039 792 3108 gaudens
800 3041 966 3097 medullitus.
981 3028 1065 3097 Nam·
1115 3044 1243 3116 ignorant
1264 3052 1312 3099 aut
1333 3042 1518 3100 dissimulant.
1539 3039 1608 3096 Nam
1623 3039 1689 3095 tium
1718 3046 1829 3110 paratos
1843 3052 1907 3094 esse

275 3139 328 3194 que
342 3125 535 3192 consideravit,
563 3129 635 3199 quod
655 3145 711 3184 non
733 3138 828 3187 essent
844 3132 986 3205 condigna
1000 3150 1065 3206 pas·
1115 3138 1196 3193 vellet
1210 3135 1356 3191 dilectores
1372 3149 1439 3190 suos
1452 3133 1491 3188 ait
1510 3147 1517 3186 ι
1534 3131 1565 3187 Si
1582 3128 1795 3199 Paterfamilias
1814 3128 1904 3189 sciret,

275 3217 369 3272 siones
384 3217 466 3287 liujus
477 3221 608 3289 temporis
619 3221 653 3275 ad
665 3220 785 3276 luturam
794 3222 921 3295 gloriam,
930 3241 991 3296 ottae
1002 3237 1065 3299 post
1114 3246 1167 3302 qao
1177 3228 1242 3283 liora
1257 3227 1301 3298 sar
1311 3227 1419 3291 reniret,
1428 3225 1583 3281 nonsineret
1596 3222 1700 3293 perfodi
1710 3220 1818 3275 deornm
1830 3235 1907 3274 raam

274 3309 328 3364 lroc
346 3309 409 3374 sibi,
434 3319 462 3367 et
480 3313 607 3370 omnibus
622 3312 706 3369 Deum
722 3330 812 3370 meum
841 3319 996 3375 amantibus
1020 3336 1100 3414 rec
1117 3312 1813 3392 (Mottb.rxtv).Quidastantem,quodnredianoete
1824 3325 1907 3382 spou-

275 3399 390 3454 velanda
405 3399 475 3455 toret
488 3399 574 3472 (Rom.
591 3402 662 3473 vm).
680 3399 776 3458 iuliae
795 3420 867 3475 saepe
883 3405 928 3461 ilie
952 3406 1064 3463 letaba·
1118 3428 1165 3467 sus
1180 3411 1273 3466 venire
1288 3410 1400 3471 dieitur,
1422 3408 1467 3463 eui
1482 3406 1620 3477 uirginum
1637 3403 1698 3460 aliae
1713 3411 1825 3475 paratae.
1845 3394 1906 3455 aliae

276 3498 332 3555 tur,
349 3492 412 3546 licet
426 3493 516 3548 adbuc
537 3495 710 3565 corruptibili
726 3511 842 3566 corpore
856 3506 1027 3568 gravaretur.
1118 3504 1258 3574 imparatae
1271 3508 1432 3564 occurrunt,
1449 3498 1504 3554 nisi
1519 3498 1592 3567 quod
1604 3494 1663 3552 dics
1676 3494 1773 3566 judicii
1794 3493 1836 3549 sic
1857 3506 1904 3546 re-

310 3582 351 3639 dd
363 3585 435 3654 quod
450 3585 553 3657 lingna
572 3586 688 3644 doloso:
706 3587 793 3645 i'ideo
806 3593 908 3670 multos
922 3593 1005 3646 etiam
1035 3591 1064 3646 iu
1118 3599 1229 3671 petitine
1248 3595 1434 3667 superveniet,
1450 3600 1480 3648 nt
1504 3589 1649 3663 praevideri
1662 3605 1716 3645 nou
1728 3587 1836 3661 possit?
1850 3587 1907 3643 Cur

276 3674 337 3746 ipso
351 3680 538 3736 conversionis
548 3681 698 3750 primordio
710 3689 750 3738 tot
763 3698 795 3738 ac
809 3682 894 3739 tantis
909 3685 1066 3740 tentationi·
1118 3704 1173 3744 non
1185 3687 1307 3751 attendo,
1323 3685 1399 3757 quod
1421 3683 1491 3739 idem
1508 3682 1581 3739 Deus
1598 3697 1677 3738 meus
1688 3682 1729 3736 ait
1745 3700 1752 3736 :
1772 3680 1905 3751 Vigilate.

276 3766 329 3823 bus
343 3770 447 3835 vexari,
463 3773 640 3838 commoveri,
656 3783 683 3830 et
697 3775 771 3846 angi,
787 3782 818 3830 ut
827 3775 939 3830 mallent
951 3791 980 3830 se
996 3792 1067 3831 nun·
1116 3782 1180 3852 qnia
1191 3780 1298 3834 nescitis
1319 3777 1400 3841 diens,
1419 3792 1499 3847 nepae
1513 3776 1605 3830 boram
1620 3773 1728 3845 (intelli
1741 3770 1814 3829 Cum*
1824 3773 1907 3844 igitur

276 3873 358 3928 quam
373 3861 436 3916 boni
465 3853 556 3934 operis
572 3861 676 3937 aliquid
685 3866 842 3933 inchoasse,
854 3882 935 3938 quam
946 3867 973 3922 iu
989 3877 1065 3940 tanto
1116 3871 1252 3928 morteuil
1267 3871 1303 3927 sit
1314 3869 1428 3933 certius,
1439 3869 1476 3922 nil
1486 3867 1553 3922 bora
1567 3865 1664 3921 mortis
1678 3864 1820 3930 incertius,
1833 3879 1906 3921 scm-

276 3948 370 4006 labore
381 3952 463 4024 hujus
477 3955 540 4011 ritae
553 3963 660 4029 tempus
672 3959 802 4015 transire.
1118 3982 1167 4039 per
1188 3965 1222 4021 ad
1243 3963 1291 4020 bei
1308 3963 1362 4018 mei
1381 3961 1528 4017 adveutum
1554 3966 1667 4030 paratus
1681 3972 1744 4015 esse
1756 3956 1853 4020 debeo,
1876 3965 1907 4011 ut

311 4043 354 4100 Ad
373 4046 445 4117 qnod
467 4047 549 4102 Amor
563 4048 612 4104 Dei
623 4066 633 4105 .·
655 4049 753 4107 Nullus
772 4051 875 4107 athleta
889 4052 950 4109 siue
964 4053 1066 4111 sudore
1118 4069 1181 4110 cum
1195 4053 1311 4115 venerit,
1335 4060 1363 4109 et
1385 4067 1433 4123 per
1449 4047 1620 4121 aegritudiuis
1638 4049 1791 4106 molestiam
1813 4048 1906 4118 puisa-

276 4147 434 4195 eoronatur.
450 4138 570 4198 Fidelem
589 4141 673 4199 Deum
688 4143 794 4213 babeo,
818 4144 867 4216 qui
879 4146 945 4202 milti
959 4147 988 4203 in
1002 4155 1066 4204 teu·
1117 4143 1347 4209 verit,eonlestim
1360 4142 1609 4215 claperiam,idest
1620 4139 1906 4197 ardenteretlibenter

278 4230 412 4286 tationum
426 4230 554 4290 lluetibus
570 4233 720 4290 fortissima
736 4243 779 4292 est
793 4236 924 4299 anchora,
942 4252 992 4294 nec
1016 4254 1065 4310 pa·
1117 4233 1278 4305 suscipiam
1290 4230 1319 4286 Si
1338 4232 1569 4304 scirem,quaudo
1583 4247 1656 4288 mors
1672 4230 1836 4294 immineret,
1850 4231 1907 4286 lor·

278 4319 362 4377 tietur
385 4337 428 4377 me
442 4323 540 4378 tentari
554 4340 637 4397 supra
653 4325 681 4382 id
694 4327 766 4398 quod
782 4343 907 4398 possum,
922 4328 971 4386 sed
986 4329 1066 4386 faciet
1118 4325 1255 4380 sitantuae
1271 4322 1442 4393 persuasioni
1471 4323 1684 4393 acquiescerem,
1700 4321 1818 4376 utaliud
1834 4330 1905 4377 tem·

276 4427 341 4470 oom
357 4413 506 4472 tentatione
523 4427 697 4486 prouentum,
722 4427 753 4475 ιιι
770 4422 873 4491 possim
888 4423 1026 4479 sustinere
1038 4423 1065 4494 (1
1118 4429 1170 4486 pus
1184 4415 1328 4483 ιῠΙιιΡῑιῑὶι
1354 4413 1429 4467 allud
1453 4412 1622 4482 lloenflssflllae
1643 4425 1823 4468 lesellarem·
1851 4412 1910 4476 Sed

278 4504 342 4562 Gor.
359 4505 627 4577 x).Salomouetiam
642 4511 770 4568 solatium
782 4512 848 4568 mibi
863 4522 916 4580 εει,
930 4531 979 4586 per
991 4516 1065 4587 quod
1119 4518 1175 4559 ¹¹0ss
1195 4503 1283 4574 piacet
1308 4501 1386 4565 mihis
1404 4507 1433 4554 ¹¹⁸
1449 4499 1496 4554 ⁰01
1511 4499 1563 4554 '¹¹³⁵
1579 4498 1739 4571 Piiieflllaffl
1756 4507 1783 4553 ⁰²
1797 4497 1906 4557 miseri·

277 4596 351 4655 Deus
371 4614 447 4655 meus
462 4600 568 4658 solutus
579 4611 631 4659 est.
1117 4595 1239 4652 cordiam
1253 4590 1398 4656 offendam,
1415 4600 1445 4646 ut
1459 4590 1638 4648 thesaurizem
1654 4589 1719 4643 milri
1737 4588 1804 4644 iram
1821 4588 1848 4643 iu
1861 4588 1907 4644 dio

313 4691 354 4746 nu
369 4691 442 4762 quod
455 4691 558 4764 tropeo
568 4692 680 4749 colora:
697 4694 757 4760 ute,
775 4696 840 4767 quid
854 4698 899 4754 itte
912 4699 960 4754 etot
977 4699 1105 4761 ursileo
1120 4691 1293 4749 revelationis
1307 4690 1376 4762 iusti
1389 4689 1490 4760 iudicii
1507 4688 1555 4747 bet
1569 4692 1632 4747 mei.
1649 4688 1713 4745 Scio
1732 4689 1905 4759 colunum

276 4789 305 4838 et
318 4784 390 4838 unde
402 4791 478 4838 tante
493 4785 592 4854 gaudio
610 4784 793 4843 suffundaris?
1119 4787 1147 4842 lri
1164 4786 1320 4856 judicantur
1334 4785 1438 4850 aerius,
1450 4785 1496 4854 qui
1511 4791 1705 4856 exspectantur
1719 4782 1837 4840 diutius.
1847 4781 1906 4854 ipso

313 4875 397 4929 Antor
414 4875 463 4930 liei
477 4875 602 4930 :Motum
612 4885 662 4940 est,
676 4876 740 4932 dicit
752 4879 836 4934 omnis
847 4889 958 4949 emptor,
971 4891 995 4936 et
1007 4898 1068 4938 enm
1119 4878 1229 4950 quidem
1243 4876 1317 4934 omui
1328 4878 1394 4933 bora
1409 4916 1417 4941 ,
1434 4875 1641 4947 omnitempore
1654 4883 1766 4945 paratos
1778 4889 1829 4930 tros
1844 4890 1906 4936 esse
1928 4911 1937 4929 .

277 4968 425 5034 recesserit,
447 4969 612 5025 laudabitur.
635 4968 698 5025 llaec
711 4978 777 5026 sunt
790 4973 873 5028 verba
888 4974 996 5046 praelati
1015 4974 1066 5033 Sa·
1118 4968 1214 5029 voluit.
1228 4968 1275 5038 qul
1290 4983 1363 5031 ⁵0¹0,
1379 4966 1467 5022 media
1484 4975 1575 5032 nocte,
1589 4967 1653 5038 galli
1669 4975 1763 5028 carrus.
1784 4973 1906 5026 ‹et-..mmo

276 5059 386 5132 pientio.
1118 5062 1152 5118 de
1166 5063 1322 5118 babitaculo
1336 5060 1429 5116 carnis
1439 5061 1557 5115 animam
1573 5061 1682 5123 evellit,
1700 5058 1774 5130 quod
1786 5060 1906 5116 dirersis

315 5150 356 5206 Ad
373 5153 446 5222 (1¹¹0d
458 5152 561 5226 bireta
574 5153 690 5211 dobes:
704 5155 772 5224 buis
783 5164 826 5215 est
838 5167 955 5231 emptor,
964 5159 1002 5216 de
1011 5175 1067 5232 quo
1118 5154 1245 5210 uentibus
1259 5154 1368 5209 evenire
1383 5153 1503 5207 lrumauo
1517 5152 1610 5223 generi
1621 5151 1767 5224 diligenter
1779 5151 1907 5215 conside-

278 5243 416 5315 loquerist
570 5287 573 5294 .
1119 5262 1184 5302 rans
1199 5245 1349 5317 cognoscit.
1366 5242 1446 5311 Quod
1460 5260 1524 5301 vero
1538 5245 1608 5301 dicis
1624 5245 1767 5302 undecima
1783 5245 1850 5300 lrora
1864 5243 1906 5298 vi-

314 5338 399 5392 Amor
410 5336 460 5393 Dei
474 5338 551 5396 :Nee
566 5340 630 5397 licet
643 5341 711 5397 mibi
724 5350 850 5398 sarnetum
859 5343 932 5400 dare·
940 5344 1066 5412 canibus,
1119 5354 1198 5394 neam
1210 5339 1349 5410 ingressos
1362 5338 1476 5394 denario
1490 5352 1545 5393 ¹¹0ss
1557 5337 1691 5404 stultitiis
1707 5351 1833 5407 maguum
1843 5335 1907 5405 gui-

279 5446 332 5487 nec
346 5432 509 5502 margaritas
520 5449 648 5507 spargere
659 5442 727 5491 aute
738 5450 837 5506 porcos
848 5433 957 5506 (Morti.
969 5444 1030 5502 vn).
1118 5432 1180 5488 dem
1191 5432 1321 5488 solatium
1337 5431 1404 5486 milri
1426 5438 1510 5487 esset.
1527 5428 1581 5485 Sed
1595 5431 1648 5485 boc
1660 5466 1663 5471 -
1675 5429 1742 5485 mihi
1768 5437 1906 5485 terrorem

314 5521 363 5577 Cui
379 5521 481 5593 lingna
494 5524 611 5581 dolosa:
627 5525 656 5582 Si
680 5543 736 5583 nou
759 5535 872 5598 propter
892 5543 946 5594 me,
971 5531 1067 5584 saltem
1119 5524 1229 5589 incutit,
1244 5523 1315 5595 qrrod
1332 5523 1438 5595 ignoro,
1454 5523 1478 5579 si
1494 5531 1600 5584 tantum
1616 5522 1682 5577 mibi
1707 5521 1825 5593 spatium
1839 5535 1907 5576 con-

278 5622 391 5685 propter
402 5616 470 5670 alios
488 5617 660 5688 pande.quid
676 5618 790 5677 dixeris.
1119 5617 1243 5680 cedatur,
1259 5624 1289 5672 ut
1311 5632 1399 5687 usque
1412 5617 1446 5671 aci
1459 5615 1600 5687 praelatam
1623 5614 1719 5669 horam
1736 5613 1907 5684 perveniam.

314 5705 353 5760 Ad
366 5706 438 5778 quod
450 5707 617 5764 desorbet:
628 5711 696 5767 Cum
709 5711 781 5769 Deus
794 5727 873 5770 meus
885 5720 996 5785 propter
1011 5729 1070 5785 per-
1119 5706 1170 5775 Qui
1186 5708 1258 5764 enirn
1271 5707 1413 5778 poenitenti
1423 5703 1619 5777 indulgentiam
1628 5703 1764 5773 promisit,
1775 5702 1908 5769 dissinnat-

278 5794 364 5852 lldum
386 5796 496 5865 ludam,
520 5798 631 5854 Petrum
655 5808 683 5856 et
707 5803 777 5859 alios
803 5803 943 5876 apostolos
963 5804 1068 5859 salubri
1119 5801 1186 5856 lauti
1201 5799 1353 5856 crastinum
1369 5798 1441 5854 diem
1457 5813 1522 5854 uon
1534 5794 1759 5869 spopondit.Cur
1772 5807 1907 5850 noncou·

277 5890 469 5947 erlrortatioue
480 5907 534 5947 non
546 5891 723 5962 fraudaverit,
742 5896 770 5952 in
785 5895 837 5953 boc
852 5895 900 5953 tibi
916 5896 1069 5957 consentio.
1120 5893 1227 5951 sideros
1239 5908 1298 5956 eos,
1315 5891 1461 5963 quincenti
1478 5899 1542 5946 sunt
1556 5904 1646 5952 mane,
1662 5900 1718 5942 uon
1732 5890 1907 5957 exspectasse

314 5980 419 6055 dinone
429 5982 522 6041 doloso
536 6002 545 6041 .·
561 5982 610 6039 llic
621 5999 695 6056 ergo.
809 6045 813 6051 ,
1122 6000 1210 6058 nsqrte
1224 5983 1258 6045 ad
1275 5984 1394 6068 lespiam,
1416 5989 1441 6038 ct
1461 5991 1573 6038 vocatos
1589 5981 1626 6037 in.
1640 5977 1722 6041 tettin
1737 5988 1910 6046 nonprspe*
