<?xml version="1.0" encoding="UTF-8"?>
<!DOCTYPE html PUBLIC "-//W3C//DTD XHTML 1.0 Transitional//EN"
    "http://www.w3.org/TR/xhtml1/DTD/xhtml1-transitional.dtd">
<html xmlns="http://www.w3.org/1999/xhtml" xml:lang="en" lang="en">
 <head>
  <title>
</title>
<meta http-equiv="Content-Type" content="text/html;charset=utf-8" />
  <meta name='ocr-system' content='tesseract 3.04.00' />
  <meta name='ocr-capabilities' content='ocr_page ocr_carea ocr_par ocr_line ocrx_word'/>
</head>
<body>
  <div class='ocr_page' id='page_1' title='image "./patrologiaecurs78unkngoog_0223.png"; bbox 0 0 4350 6709; ppageno 0'>
   <div class='ocr_carea' id='block_1_1' title="bbox 528 893 1587 1310">
    <p class='ocr_par' dir='ltr' id='par_1_1' title="bbox 528 893 1587 1310">
     <span class='ocr_line' id='line_1_1' title="bbox 858 893 1233 1055; baseline 0.008 -5"><span class='ocrx_word' id='word_1_1' title='bbox 858 893 1233 1055; x_wconf 84' lang='lat' dir='ltr'>SlCARDI</span> 
     </span>
     <span class='ocr_line' id='line_1_2' title="bbox 528 1182 1587 1310; baseline 0.008 -9"><span class='ocrx_word' id='word_1_2' title='bbox 528 1182 1113 1303; x_wconf 82' lang='lat' dir='ltr'>cuuuouuusrs</span> <span class='ocrx_word' id='word_1_3' title='bbox 1156 1193 1587 1310; x_wconf 82' lang='lat' dir='ltr'>urrscort·</span> 
     </span>
    </p>
   </div>
   <div class='ocr_carea' id='block_1_2' title="bbox 664 1428 1397 1596">
    <p class='ocr_par' dir='ltr' id='par_1_2' title="bbox 664 1428 1397 1596">
     <span class='ocr_line' id='line_1_3' title="bbox 664 1428 1397 1596; baseline -0.003 -3"><span class='ocrx_word' id='word_1_4' title='bbox 664 1428 1397 1596; x_wconf 72' lang='lat' dir='ltr'>cflltoutcoit.</span> 
     </span>
    </p>
   </div>
   <div class='ocr_carea' id='block_1_3' title="bbox 860 1903 1202 1996">
    <p class='ocr_par' dir='ltr' id='par_1_3' title="bbox 860 1903 1202 1996">
     <span class='ocr_line' id='line_1_4' title="bbox 860 1903 1202 1996; baseline 0.006 -4"><span class='ocrx_word' id='word_1_5' title='bbox 860 1903 1202 1996; x_wconf 64' lang='lat' dir='ltr'>tumberto,</span> 
     </span>
    </p>
   </div>
   <div class='ocr_carea' id='block_1_4' title="bbox 607 2092 1448 2171">
    <p class='ocr_par' dir='ltr' id='par_1_4' title="bbox 607 2092 1448 2171">
     <span class='ocr_line' id='line_1_5' title="bbox 607 2092 1448 2171; baseline 0.012 -25"><span class='ocrx_word' id='word_1_6' title='bbox 607 2093 779 2165; x_wconf 82' lang='lat' dir='ltr'>(iiustrosr,</span> <span class='ocrx_word' id='word_1_7' title='bbox 798 2093 895 2149; x_wconf 85' lang='lat' dir='ltr'>iierunr</span> <span class='ocrx_word' id='word_1_8' title='bbox 913 2093 979 2148; x_wconf 86' lang='lat' dir='ltr'>itai.</span> <span class='ocrx_word' id='word_1_9' title='bbox 1001 2092 1115 2165; x_wconf 67' lang='lat' dir='ltr'>Seript,</span> <span class='ocrx_word' id='word_1_10' title='bbox 1134 2105 1203 2151; x_wconf 86' lang='lat' dir='ltr'>tom.</span> <span class='ocrx_word' id='word_1_11' title='bbox 1220 2095 1277 2164; x_wconf 81' lang='lat' dir='ltr'>vti,</span> <span class='ocrx_word' id='word_1_12' title='bbox 1292 2113 1354 2171; x_wconf 70' lang='lat' dir='ltr'>paq.</span> <span class='ocrx_word' id='word_1_13' title='bbox 1372 2098 1448 2157; x_wconf 68' lang='lat' dir='ltr'>otti</span> 
     </span>
    </p>
   </div>
   <div class='ocr_carea' id='block_1_5' title="bbox 213 2430 1856 6124">
    <p class='ocr_par' dir='ltr' id='par_1_5' title="bbox 214 2430 1847 2787">
     <span class='ocr_line' id='line_1_6' title="bbox 251 2430 1847 2505; baseline -0.002 -17"><span class='ocrx_word' id='word_1_14' title='bbox 251 2431 388 2488; x_wconf 85' lang='lat' dir='ltr'>Sicsrdtrs</span> <span class='ocrx_word' id='word_1_15' title='bbox 413 2430 610 2489; x_wconf 80' lang='lat' dir='ltr'>Cremonensis</span> <span class='ocrx_word' id='word_1_16' title='bbox 634 2432 792 2503; x_wconf 86' lang='lat' dir='ltr'>episcopus,</span> <span class='ocrx_word' id='word_1_17' title='bbox 822 2449 882 2490; x_wconf 83' lang='lat' dir='ltr'>aero</span> <span class='ocrx_word' id='word_1_18' title='bbox 905 2447 958 2488; x_wconf 91' lang='lat' dir='ltr'>suo</span> <span class='ocrx_word' id='word_1_19' title='bbox 983 2433 1110 2496; x_wconf 86' lang='lat' dir='ltr'>iiiustris,</span> <span class='ocrx_word' id='word_1_20' title='bbox 1129 2430 1231 2488; x_wconf 83' lang='lat' dir='ltr'>iarnam</span> <span class='ocrx_word' id='word_1_21' title='bbox 1251 2445 1363 2502; x_wconf 88' lang='lat' dir='ltr'>quoque</span> <span class='ocrx_word' id='word_1_22' title='bbox 1389 2435 1461 2505; x_wconf 86' lang='lat' dir='ltr'>apud</span> <span class='ocrx_word' id='word_1_23' title='bbox 1483 2442 1606 2505; x_wconf 88' lang='lat' dir='ltr'>posteros</span> <span class='ocrx_word' id='word_1_24' title='bbox 1617 2432 1669 2489; x_wconf 88' lang='lat' dir='ltr'>sibi</span> <span class='ocrx_word' id='word_1_25' title='bbox 1684 2431 1847 2502; x_wconf 73' lang='lat' dir='ltr'>quaesiverat</span> 
     </span>
     <span class='ocr_line' id='line_1_7' title="bbox 214 2500 1847 2575; baseline -0.002 -14"><span class='ocrx_word' id='word_1_26' title='bbox 214 2503 359 2561; x_wconf 86' lang='lat' dir='ltr'>Cbrouieo</span> <span class='ocrx_word' id='word_1_27' title='bbox 379 2503 415 2559; x_wconf 90' lang='lat' dir='ltr'>ab</span> <span class='ocrx_word' id='word_1_28' title='bbox 441 2503 642 2573; x_wconf 74' lang='lat' dir='ltr'>antiquissimis</span> <span class='ocrx_word' id='word_1_29' title='bbox 666 2504 836 2574; x_wconf 73' lang='lat' dir='ltr'>temporibus</span> <span class='ocrx_word' id='word_1_30' title='bbox 851 2505 884 2558; x_wconf 93' lang='lat' dir='ltr'>ad</span> <span class='ocrx_word' id='word_1_31' title='bbox 901 2520 950 2560; x_wconf 88' lang='lat' dir='ltr'>sua</span> <span class='ocrx_word' id='word_1_32' title='bbox 974 2519 1062 2574; x_wconf 79' lang='lat' dir='ltr'>sistque</span> <span class='ocrx_word' id='word_1_33' title='bbox 1074 2503 1202 2568; x_wconf 89' lang='lat' dir='ltr'>deducto,</span> <span class='ocrx_word' id='word_1_34' title='bbox 1222 2502 1295 2573; x_wconf 89' lang='lat' dir='ltr'>quoti</span> <span class='ocrx_word' id='word_1_35' title='bbox 1309 2514 1401 2559; x_wconf 81' lang='lat' dir='ltr'>tamon</span> <span class='ocrx_word' id='word_1_36' title='bbox 1416 2505 1550 2575; x_wconf 80' lang='lat' dir='ltr'>nrsjurunt</span> <span class='ocrx_word' id='word_1_37' title='bbox 1567 2513 1724 2560; x_wconf 90' lang='lat' dir='ltr'>nostrorum</span> <span class='ocrx_word' id='word_1_38' title='bbox 1739 2500 1847 2561; x_wconf 83' lang='lat' dir='ltr'>incur-ts</span> 
     </span>
     <span class='ocr_line' id='line_1_8' title="bbox 216 2571 1846 2645; baseline -0.002 -15"><span class='ocrx_word' id='word_1_39' title='bbox 216 2575 364 2643; x_wconf 85' lang='lat' dir='ltr'>nucusque</span> <span class='ocrx_word' id='word_1_40' title='bbox 381 2572 498 2630; x_wconf 91' lang='lat' dir='ltr'>delituit.</span> <span class='ocrx_word' id='word_1_41' title='bbox 521 2572 609 2645; x_wconf 83' lang='lat' dir='ltr'>Hujus</span> <span class='ocrx_word' id='word_1_42' title='bbox 631 2574 757 2630; x_wconf 84' lang='lat' dir='ltr'>iiistorire</span> <span class='ocrx_word' id='word_1_43' title='bbox 783 2575 949 2629; x_wconf 86' lang='lat' dir='ltr'>mentionem</span> <span class='ocrx_word' id='word_1_44' title='bbox 976 2589 1030 2629; x_wconf 91' lang='lat' dir='ltr'>non</span> <span class='ocrx_word' id='word_1_45' title='bbox 1052 2588 1110 2629; x_wconf 87' lang='lat' dir='ltr'>utto</span> <span class='ocrx_word' id='word_1_46' title='bbox 1128 2574 1158 2629; x_wconf 88' lang='lat' dir='ltr'>in</span> <span class='ocrx_word' id='word_1_47' title='bbox 1180 2574 1241 2629; x_wconf 86' lang='lat' dir='ltr'>ioco</span> <span class='ocrx_word' id='word_1_48' title='bbox 1262 2573 1328 2629; x_wconf 87' lang='lat' dir='ltr'>oiim</span> <span class='ocrx_word' id='word_1_49' title='bbox 1344 2573 1523 2645; x_wconf 81' lang='lat' dir='ltr'>deprehendi,</span> <span class='ocrx_word' id='word_1_50' title='bbox 1539 2574 1592 2630; x_wconf 88' lang='lat' dir='ltr'>boc</span> <span class='ocrx_word' id='word_1_51' title='bbox 1607 2584 1648 2631; x_wconf 90' lang='lat' dir='ltr'>est</span> <span class='ocrx_word' id='word_1_52' title='bbox 1661 2574 1687 2629; x_wconf 90' lang='lat' dir='ltr'>iu</span> <span class='ocrx_word' id='word_1_53' title='bbox 1699 2571 1777 2628; x_wconf 88' lang='lat' dir='ltr'>iibris</span> <span class='ocrx_word' id='word_1_54' title='bbox 1792 2587 1846 2628; x_wconf 89' lang='lat' dir='ltr'>nrs.</span> 
     </span>
     <span class='ocr_line' id='line_1_9' title="bbox 214 2643 1847 2715; baseline -0.004 -13"><span class='ocrx_word' id='word_1_55' title='bbox 214 2644 369 2702; x_wconf 85' lang='lat' dir='ltr'>Cuairanei</span> <span class='ocrx_word' id='word_1_56' title='bbox 385 2643 419 2702; x_wconf 91' lang='lat' dir='ltr'>dc</span> <span class='ocrx_word' id='word_1_57' title='bbox 437 2646 462 2700; x_wconf 88' lang='lat' dir='ltr'>ia</span> <span class='ocrx_word' id='word_1_58' title='bbox 483 2645 616 2708; x_wconf 84' lang='lat' dir='ltr'>Fiamma,</span> <span class='ocrx_word' id='word_1_59' title='bbox 630 2655 659 2702; x_wconf 90' lang='lat' dir='ltr'>et</span> <span class='ocrx_word' id='word_1_60' title='bbox 674 2645 790 2702; x_wconf 82' lang='lat' dir='ltr'>Arrdrcse</span> <span class='ocrx_word' id='word_1_61' title='bbox 801 2644 930 2706; x_wconf 82' lang='lat' dir='ltr'>banduli,</span> <span class='ocrx_word' id='word_1_62' title='bbox 948 2657 1031 2714; x_wconf 77' lang='lat' dir='ltr'>utrque</span> <span class='ocrx_word' id='word_1_63' title='bbox 1056 2646 1083 2699; x_wconf 92' lang='lat' dir='ltr'>iu</span> <span class='ocrx_word' id='word_1_64' title='bbox 1105 2646 1185 2700; x_wconf 88' lang='lat' dir='ltr'>editis</span> <span class='ocrx_word' id='word_1_65' title='bbox 1210 2645 1327 2701; x_wconf 87' lang='lat' dir='ltr'>aliorum</span> <span class='ocrx_word' id='word_1_66' title='bbox 1343 2649 1519 2710; x_wconf 85' lang='lat' dir='ltr'>scriptorum.</span> <span class='ocrx_word' id='word_1_67' title='bbox 1542 2645 1633 2713; x_wconf 81' lang='lat' dir='ltr'>Quare</span> <span class='ocrx_word' id='word_1_68' title='bbox 1649 2643 1717 2700; x_wconf 88' lang='lat' dir='ltr'>niirii</span> <span class='ocrx_word' id='word_1_69' title='bbox 1731 2657 1786 2698; x_wconf 88' lang='lat' dir='ltr'>nou</span> <span class='ocrx_word' id='word_1_70' title='bbox 1804 2645 1847 2715; x_wconf 73' lang='lat' dir='ltr'>egi</span> 
     </span>
     <span class='ocr_line' id='line_1_10' title="bbox 216 2714 1847 2787; baseline -0.001 -15"><span class='ocrx_word' id='word_1_71' title='bbox 216 2725 248 2772; x_wconf 88' lang='grc' dir='ltr'>ιιι</span> <span class='ocrx_word' id='word_1_72' title='bbox 258 2714 365 2773; x_wconf 87' lang='lat' dir='ltr'>alicubi</span> <span class='ocrx_word' id='word_1_73' title='bbox 378 2725 586 2772; x_wconf 89' lang='lat' dir='ltr'>mouumentum</span> <span class='ocrx_word' id='word_1_74' title='bbox 602 2717 655 2772; x_wconf 86' lang='lat' dir='ltr'>troc</span> <span class='ocrx_word' id='word_1_75' title='bbox 670 2715 769 2772; x_wconf 81' lang='lat' dir='ltr'>itaiicre</span> <span class='ocrx_word' id='word_1_76' title='bbox 783 2717 965 2782; x_wconf 80' lang='lat' dir='ltr'>rrrtdisionis,</span> <span class='ocrx_word' id='word_1_77' title='bbox 988 2716 1082 2771; x_wconf 86' lang='lat' dir='ltr'>tandiu</span> <span class='ocrx_word' id='word_1_78' title='bbox 1108 2716 1188 2771; x_wconf 89' lang='lat' dir='ltr'>nobis</span> <span class='ocrx_word' id='word_1_79' title='bbox 1209 2725 1345 2786; x_wconf 85' lang='lat' dir='ltr'>creptum,</span> <span class='ocrx_word' id='word_1_80' title='bbox 1368 2718 1538 2787; x_wconf 62' lang='lat' dir='ltr'>detegerem</span> <span class='ocrx_word' id='word_1_81' title='bbox 1560 2716 1658 2772; x_wconf 74' lang='lat' dir='ltr'>debus</span> <span class='ocrx_word' id='word_1_82' title='bbox 1678 2727 1776 2785; x_wconf 85' lang='lat' dir='ltr'>nempe</span> <span class='ocrx_word' id='word_1_83' title='bbox 1790 2721 1847 2770; x_wconf 80' lang='lat' dir='ltr'>taut</span> 
     </span>
    </p>

    <p class='ocr_par' dir='ltr' id='par_1_6' title="bbox 213 2784 1849 3622">
     <span class='ocr_line' id='line_1_11' title="bbox 252 2784 1848 2859; baseline -0.003 -15"><span class='ocrx_word' id='word_1_84' title='bbox 252 2801 322 2844; x_wconf 79' lang='lat' dir='ltr'>acas</span> <span class='ocrx_word' id='word_1_85' title='bbox 347 2802 379 2842; x_wconf 83' lang='lat' dir='ltr'>ex</span> <span class='ocrx_word' id='word_1_86' title='bbox 403 2787 525 2856; x_wconf 89' lang='lat' dir='ltr'>antiquis</span> <span class='ocrx_word' id='word_1_87' title='bbox 550 2785 633 2842; x_wconf 83' lang='lat' dir='ltr'>italiae</span> <span class='ocrx_word' id='word_1_88' title='bbox 649 2787 772 2842; x_wconf 84' lang='lat' dir='ltr'>historiis</span> <span class='ocrx_word' id='word_1_89' title='bbox 788 2789 821 2843; x_wconf 92' lang='lat' dir='ltr'>ad</span> <span class='ocrx_word' id='word_1_90' title='bbox 846 2802 896 2842; x_wconf 88' lang='lat' dir='ltr'>nos</span> <span class='ocrx_word' id='word_1_91' title='bbox 910 2788 1079 2856; x_wconf 82' lang='lat' dir='ltr'>peruenisse,</span> <span class='ocrx_word' id='word_1_92' title='bbox 1097 2788 1240 2856; x_wconf 89' lang='lat' dir='ltr'>pauciores</span> <span class='ocrx_word' id='word_1_93' title='bbox 1256 2803 1320 2841; x_wconf 85' lang='lat' dir='ltr'>roro</span> <span class='ocrx_word' id='word_1_94' title='bbox 1335 2789 1445 2859; x_wconf 83' lang='lat' dir='ltr'>publica</span> <span class='ocrx_word' id='word_1_95' title='bbox 1459 2789 1521 2844; x_wconf 89' lang='lat' dir='ltr'>iuce</span> <span class='ocrx_word' id='word_1_96' title='bbox 1543 2791 1669 2848; x_wconf 83' lang='lat' dir='ltr'>donatas.</span> <span class='ocrx_word' id='word_1_97' title='bbox 1687 2784 1721 2840; x_wconf 79' lang='lat' dir='ltr'>Et</span> <span class='ocrx_word' id='word_1_98' title='bbox 1736 2784 1848 2856; x_wconf 88' lang='lat' dir='ltr'>quidem</span> 
     </span>
     <span class='ocr_line' id='line_1_12' title="bbox 216 2805 1848 2929; baseline -0.002 -16"><span class='ocrx_word' id='word_1_99' title='bbox 216 2805 354 2915; x_wconf 51' lang='lat' dir='ltr'>grumas</span> <span class='ocrx_word' id='word_1_100' title='bbox 366 2857 391 2914; x_wconf 91' lang='lat' dir='ltr'>is</span> <span class='ocrx_word' id='word_1_101' title='bbox 401 2865 461 2913; x_wconf 88' lang='lat' dir='ltr'>erat</span> <span class='ocrx_word' id='word_1_102' title='bbox 475 2859 522 2929; x_wconf 85' lang='lat' dir='ltr'>qai</span> <span class='ocrx_word' id='word_1_103' title='bbox 536 2867 564 2914; x_wconf 87' lang='lat' dir='ltr'>et</span> <span class='ocrx_word' id='word_1_104' title='bbox 577 2873 611 2914; x_wconf 84' lang='lat' dir='ltr'>es</span> <span class='ocrx_word' id='word_1_105' title='bbox 628 2857 784 2914; x_wconf 86' lang='lat' dir='ltr'>eruditione</span> <span class='ocrx_word' id='word_1_106' title='bbox 798 2873 860 2925; x_wconf 85' lang='lat' dir='ltr'>sua,</span> <span class='ocrx_word' id='word_1_107' title='bbox 875 2866 957 2928; x_wconf 89' lang='lat' dir='ltr'>atquc</span> <span class='ocrx_word' id='word_1_108' title='bbox 970 2874 1005 2912; x_wconf 82' lang='lat' dir='ltr'>es</span> <span class='ocrx_word' id='word_1_109' title='bbox 1021 2867 1144 2928; x_wconf 86' lang='lat' dir='ltr'>tempore</span> <span class='ocrx_word' id='word_1_110' title='bbox 1159 2872 1216 2929; x_wconf 91' lang='lat' dir='ltr'>quo</span> <span class='ocrx_word' id='word_1_111' title='bbox 1230 2856 1340 2925; x_wconf 86' lang='lat' dir='ltr'>boruit,</span> <span class='ocrx_word' id='word_1_112' title='bbox 1364 2859 1456 2928; x_wconf 81' lang='lat' dir='ltr'>uraqui</span> <span class='ocrx_word' id='word_1_113' title='bbox 1477 2860 1560 2915; x_wconf 80' lang='lat' dir='ltr'>uubis</span> <span class='ocrx_word' id='word_1_114' title='bbox 1581 2853 1848 2929; x_wconf 75' lang='lat' dir='ltr'>iacimrdusuidcira·</span> 
     </span>
     <span class='ocr_line' id='line_1_13' title="bbox 216 2941 273 2986; baseline 0 -1"><span class='ocrx_word' id='word_1_115' title='bbox 216 2941 273 2986; x_wconf 76' lang='lat' dir='ltr'>uir.</span> 
     </span>
     <span class='ocr_line' id='line_1_14' title="bbox 248 2983 1849 3074; baseline -0.001 -18"><span class='ocrx_word' id='word_1_116' title='bbox 248 2983 430 3070; x_wconf 81' lang='lat' dir='ltr'>itepreneridt</span> <span class='ocrx_word' id='word_1_117' title='bbox 446 3001 555 3055; x_wconf 85' lang='lat' dir='ltr'>tandem</span> <span class='ocrx_word' id='word_1_118' title='bbox 579 3017 614 3056; x_wconf 83' lang='lat' dir='ltr'>es</span> <span class='ocrx_word' id='word_1_119' title='bbox 641 3000 767 3070; x_wconf 79' lang='lat' dir='ltr'>catalogo</span> <span class='ocrx_word' id='word_1_120' title='bbox 788 3000 921 3055; x_wconf 87' lang='lat' dir='ltr'>iibrorum</span> <span class='ocrx_word' id='word_1_121' title='bbox 946 2999 1051 3071; x_wconf 77' lang='lat' dir='ltr'>aliquot</span> <span class='ocrx_word' id='word_1_122' title='bbox 1075 3000 1199 3054; x_wconf 86' lang='lat' dir='ltr'>nondum</span> <span class='ocrx_word' id='word_1_123' title='bbox 1221 3003 1358 3057; x_wconf 85' lang='lat' dir='ltr'>aditorum</span> <span class='ocrx_word' id='word_1_124' title='bbox 1374 3001 1505 3074; x_wconf 72' lang='lat' dir='ltr'>Auguste</span> <span class='ocrx_word' id='word_1_125' title='bbox 1525 3000 1700 3057; x_wconf 80' lang='lat' dir='ltr'>bibliotitccae-</span> <span class='ocrx_word' id='word_1_126' title='bbox 1718 2996 1849 3054; x_wconf 60' lang='lat' dir='ltr'>Cursarem</span> 
     </span>
     <span class='ocr_line' id='line_1_15' title="bbox 216 3067 1848 3141; baseline 0.001 -19"><span class='ocrx_word' id='word_1_127' title='bbox 216 3069 452 3137; x_wconf 55' lang='lat' dir='ltr'>vindobonensis,</span> <span class='ocrx_word' id='word_1_128' title='bbox 469 3070 626 3126; x_wconf 84' lang='lat' dir='ltr'>Chronicon</span> <span class='ocrx_word' id='word_1_129' title='bbox 646 3069 764 3134; x_wconf 74' lang='lat' dir='ltr'>Simrdr&#39;,</span> <span class='ocrx_word' id='word_1_130' title='bbox 780 3071 827 3127; x_wconf 81' lang='lat' dir='ltr'>tiis</span> <span class='ocrx_word' id='word_1_131' title='bbox 843 3070 937 3126; x_wconf 84' lang='lat' dir='ltr'>oiirna</span> <span class='ocrx_word' id='word_1_132' title='bbox 955 3086 999 3125; x_wconf 91' lang='lat' dir='ltr'>me</span> <span class='ocrx_word' id='word_1_133' title='bbox 1008 3071 1217 3141; x_wconf 88' lang='lat' dir='ltr'>conquisitum,</span> <span class='ocrx_word' id='word_1_134' title='bbox 1235 3072 1272 3127; x_wconf 90' lang='lat' dir='ltr'>ibi</span> <span class='ocrx_word' id='word_1_135' title='bbox 1288 3074 1424 3128; x_wconf 79' lang='lat' dir='ltr'>asservati</span> <span class='ocrx_word' id='word_1_136' title='bbox 1440 3088 1503 3127; x_wconf 91' lang='lat' dir='ltr'>cum</span> <span class='ocrx_word' id='word_1_137' title='bbox 1525 3072 1578 3126; x_wconf 90' lang='lat' dir='ltr'>boc</span> <span class='ocrx_word' id='word_1_138' title='bbox 1599 3070 1699 3125; x_wconf 86' lang='lat' dir='ltr'>tituio:</span> <span class='ocrx_word' id='word_1_139' title='bbox 1721 3067 1848 3141; x_wconf 80' lang='lat' dir='ltr'>Siqitardi</span> 
     </span>
     <span class='ocr_line' id='line_1_16' title="bbox 213 3139 1849 3213; baseline 0.001 -19"><span class='ocrx_word' id='word_1_140' title='bbox 213 3142 336 3210; x_wconf 64' lang='lat' dir='ltr'>miscopi</span> <span class='ocrx_word' id='word_1_141' title='bbox 348 3139 531 3197; x_wconf 75' lang='lat' dir='ltr'>Cremonensis</span> <span class='ocrx_word' id='word_1_142' title='bbox 544 3141 694 3196; x_wconf 76' lang='lat' dir='ltr'>chronicon</span> <span class='ocrx_word' id='word_1_143' title='bbox 709 3142 836 3206; x_wconf 72' lang='lat' dir='ltr'>incipiens</span> <span class='ocrx_word' id='word_1_144' title='bbox 848 3159 866 3196; x_wconf 85' lang='lat' dir='ltr'>s</span> <span class='ocrx_word' id='word_1_145' title='bbox 881 3143 1013 3197; x_wconf 76' lang='lat' dir='ltr'>creatione</span> <span class='ocrx_word' id='word_1_146' title='bbox 1027 3141 1132 3207; x_wconf 84' lang='lat' dir='ltr'>mandi,</span> <span class='ocrx_word' id='word_1_147' title='bbox 1143 3143 1270 3213; x_wconf 65' lang='lat' dir='ltr'>pertinuit</span> <span class='ocrx_word' id='word_1_148' title='bbox 1285 3144 1415 3212; x_wconf 86' lang='lat' dir='ltr'>usquead</span> <span class='ocrx_word' id='word_1_149' title='bbox 1435 3142 1469 3197; x_wconf 83' lang='lat' dir='ltr'>t.</span> <span class='ocrx_word' id='word_1_150' title='bbox 1495 3141 1528 3199; x_wconf 86' lang='lat' dir='ltr'>C.</span> <span class='ocrx_word' id='word_1_151' title='bbox 1545 3141 1625 3198; x_wconf 74' lang='lat' dir='ltr'>tasi.</span> <span class='ocrx_word' id='word_1_152' title='bbox 1644 3139 1805 3196; x_wconf 79' lang='lat' dir='ltr'>Meminerat</span> <span class='ocrx_word' id='word_1_153' title='bbox 1820 3147 1849 3196; x_wconf 78' lang='lat' dir='ltr'>et</span> 
     </span>
     <span class='ocr_line' id='line_1_17' title="bbox 217 3210 1849 3338; baseline -0.003 -69"><span class='ocrx_word' id='word_1_154' title='bbox 217 3210 387 3269; x_wconf 78' lang='lat' dir='ltr'>Lambecius</span> <span class='ocrx_word' id='word_1_155' title='bbox 399 3210 428 3265; x_wconf 89' lang='lat' dir='ltr'>in</span> <span class='ocrx_word' id='word_1_156' title='bbox 444 3210 591 3268; x_wconf 86' lang='lat' dir='ltr'>Conrnreut.</span> <span class='ocrx_word' id='word_1_157' title='bbox 603 3214 636 3266; x_wconf 88' lang='lat' dir='ltr'>de</span> <span class='ocrx_word' id='word_1_158' title='bbox 647 3210 718 3266; x_wconf 83' lang='grc'><strong>11111.</strong></span> <span class='ocrx_word' id='word_1_159' title='bbox 732 3213 813 3274; x_wconf 75' lang='lat' dir='ltr'>ces..</span> <span class='ocrx_word' id='word_1_160' title='bbox 825 3212 873 3267; x_wconf 88' lang='lat' dir='ltr'>iib.</span> <span class='ocrx_word' id='word_1_161' title='bbox 890 3228 921 3267; x_wconf 89' lang='grc' dir='ltr'>ιι.</span> <span class='ocrx_word' id='word_1_162' title='bbox 936 3211 1028 3280; x_wconf 80' lang='lat' dir='ltr'>Quare</span> <span class='ocrx_word' id='word_1_163' title='bbox 1042 3212 1169 3283; x_wconf 91' lang='lat' dir='ltr'>piuribus</span> <span class='ocrx_word' id='word_1_164' title='bbox 1188 3214 1230 3284; x_wconf 76' lang='lat' dir='ltr'>egi</span> <span class='ocrx_word' id='word_1_165' title='bbox 1249 3213 1320 3283; x_wconf 90' lang='lat' dir='ltr'>apud</span> <span class='ocrx_word' id='word_1_166' title='bbox 1344 3213 1582 3338; x_wconf 61' lang='lat' dir='ltr'>praeclarissimum</span> <span class='ocrx_word' id='word_1_167' title='bbox 1604 3225 1744 3281; x_wconf 79' lang='lat' dir='ltr'>procerem</span> <span class='ocrx_word' id='word_1_168' title='bbox 1762 3210 1849 3267; x_wconf 87' lang='lat' dir='ltr'>eomi-</span> 
     </span>
     <span class='ocr_line' id='line_1_18' title="bbox 217 3281 1847 3354; baseline -0.002 -14"><span class='ocrx_word' id='word_1_169' title='bbox 217 3293 275 3340; x_wconf 80' lang='lat' dir='ltr'>tem</span> <span class='ocrx_word' id='word_1_170' title='bbox 291 3281 443 3337; x_wconf 76' lang='lat' dir='ltr'>Antonium</span> <span class='ocrx_word' id='word_1_171' title='bbox 461 3283 495 3339; x_wconf 91' lang='lat' dir='ltr'>de</span> <span class='ocrx_word' id='word_1_172' title='bbox 508 3282 635 3347; x_wconf 82' lang='lat' dir='ltr'>Cmiiaito,</span> <span class='ocrx_word' id='word_1_173' title='bbox 649 3291 682 3338; x_wconf 88' lang='lat' dir='ltr'>ut</span> <span class='ocrx_word' id='word_1_174' title='bbox 692 3283 729 3337; x_wconf 89' lang='lat' dir='ltr'>ab</span> <span class='ocrx_word' id='word_1_175' title='bbox 740 3283 929 3340; x_wconf 87' lang='lat' dir='ltr'>iiiustrissimo</span> <span class='ocrx_word' id='word_1_176' title='bbox 943 3294 1010 3338; x_wconf 86' lang='lat' dir='ltr'>tutte</span> <span class='ocrx_word' id='word_1_177' title='bbox 1025 3292 1053 3336; x_wconf 90' lang='lat' dir='ltr'>et</span> <span class='ocrx_word' id='word_1_178' title='bbox 1066 3284 1230 3339; x_wconf 77' lang='lat' dir='ltr'>rtoctissinro</span> <span class='ocrx_word' id='word_1_179' title='bbox 1246 3284 1342 3340; x_wconf 91' lang='lat' dir='ltr'>bibiint</span> <span class='ocrx_word' id='word_1_180' title='bbox 1353 3299 1417 3339; x_wconf 80' lang='lat' dir='ltr'>recae</span> <span class='ocrx_word' id='word_1_181' title='bbox 1435 3283 1569 3339; x_wconf 68' lang='lat' dir='ltr'>Caesarem</span> <span class='ocrx_word' id='word_1_182' title='bbox 1593 3281 1732 3354; x_wconf 81' lang='lat' dir='ltr'>praetacto,</span> <span class='ocrx_word' id='word_1_183' title='bbox 1752 3288 1847 3351; x_wconf 82' lang='lat' dir='ltr'>postea</span> 
     </span>
     <span class='ocr_line' id='line_1_19' title="bbox 216 3350 1848 3424; baseline -0.001 -16"><span class='ocrx_word' id='word_1_184' title='bbox 216 3368 287 3411; x_wconf 85' lang='lat' dir='ltr'>rero</span> <span class='ocrx_word' id='word_1_185' title='bbox 302 3355 432 3408; x_wconf 84' lang='lat' dir='ltr'>iiomanae</span> <span class='ocrx_word' id='word_1_186' title='bbox 445 3352 521 3409; x_wconf 73' lang='lat' dir='ltr'>itote</span> <span class='ocrx_word' id='word_1_187' title='bbox 533 3355 670 3420; x_wconf 90' lang='lat' dir='ltr'>auditore,</span> <span class='ocrx_word' id='word_1_188' title='bbox 683 3368 756 3409; x_wconf 85' lang='lat' dir='ltr'>uuttc</span> <span class='ocrx_word' id='word_1_189' title='bbox 767 3362 860 3409; x_wconf 87' lang='lat' dir='ltr'>autem</span> <span class='ocrx_word' id='word_1_190' title='bbox 874 3354 1030 3410; x_wconf 80' lang='lat' dir='ltr'>celsissimo</span> <span class='ocrx_word' id='word_1_191' title='bbox 1041 3351 1208 3410; x_wconf 78' lang='lat' dir='ltr'>Tridentium</span> <span class='ocrx_word' id='word_1_192' title='bbox 1223 3354 1300 3410; x_wconf 81' lang='lat' dir='ltr'>rubis</span> <span class='ocrx_word' id='word_1_193' title='bbox 1323 3358 1453 3424; x_wconf 85' lang='lat' dir='ltr'>episcopo</span> <span class='ocrx_word' id='word_1_194' title='bbox 1464 3371 1496 3408; x_wconf 87' lang='lat' dir='ltr'>ac</span> <span class='ocrx_word' id='word_1_195' title='bbox 1515 3352 1646 3423; x_wconf 81' lang='lat' dir='ltr'>principe,</span> <span class='ocrx_word' id='word_1_196' title='bbox 1669 3350 1777 3407; x_wconf 64' lang='lat' dir='ltr'>manne</span> <span class='ocrx_word' id='word_1_197' title='bbox 1796 3351 1848 3406; x_wconf 85' lang='lat' dir='ltr'>Be·</span> 
     </span>
     <span class='ocr_line' id='line_1_20' title="bbox 217 3421 1848 3495; baseline -0.001 -15"><span class='ocrx_word' id='word_1_198' title='bbox 217 3424 332 3480; x_wconf 88' lang='lat' dir='ltr'>aeriicto</span> <span class='ocrx_word' id='word_1_199' title='bbox 355 3422 514 3489; x_wconf 89' lang='lat' dir='ltr'>Gentiiotto,</span> <span class='ocrx_word' id='word_1_200' title='bbox 537 3425 604 3480; x_wconf 89' lang='lat' dir='ltr'>mibi</span> <span class='ocrx_word' id='word_1_201' title='bbox 626 3425 820 3494; x_wconf 80' lang='lat' dir='ltr'>impetraretur</span> <span class='ocrx_word' id='word_1_202' title='bbox 841 3424 976 3494; x_wconf 82' lang='lat' dir='ltr'>ejustnodi</span> <span class='ocrx_word' id='word_1_203' title='bbox 1000 3425 1253 3495; x_wconf 83' lang='lat' dir='ltr'>operisesenrpiar.</span> <span class='ocrx_word' id='word_1_204' title='bbox 1269 3423 1334 3494; x_wconf 78' lang='lat' dir='ltr'>iiius</span> <span class='ocrx_word' id='word_1_205' title='bbox 1349 3437 1440 3480; x_wconf 84' lang='lat' dir='ltr'>tanton</span> <span class='ocrx_word' id='word_1_206' title='bbox 1457 3424 1611 3489; x_wconf 76' lang='lat' dir='ltr'>natatibus,</span> <span class='ocrx_word' id='word_1_207' title='bbox 1632 3423 1756 3491; x_wconf 82' lang='lat' dir='ltr'>meisque</span> <span class='ocrx_word' id='word_1_208' title='bbox 1777 3421 1848 3478; x_wconf 85' lang='lat' dir='ltr'>totis</span> 
     </span>
     <span class='ocr_line' id='line_1_21' title="bbox 216 3492 1848 3568; baseline -0.002 -17"><span class='ocrx_word' id='word_1_209' title='bbox 216 3508 289 3552; x_wconf 87' lang='lat' dir='ltr'>tunc</span> <span class='ocrx_word' id='word_1_210' title='bbox 304 3494 398 3551; x_wconf 86' lang='lat' dir='ltr'>nutias</span> <span class='ocrx_word' id='word_1_211' title='bbox 413 3494 527 3551; x_wconf 67' lang='lat' dir='ltr'>effectus</span> <span class='ocrx_word' id='word_1_212' title='bbox 541 3497 694 3565; x_wconf 90' lang='lat' dir='ltr'>respondit.</span> <span class='ocrx_word' id='word_1_213' title='bbox 706 3492 814 3551; x_wconf 82' lang='lat' dir='ltr'>Certior</span> <span class='ocrx_word' id='word_1_214' title='bbox 825 3495 929 3551; x_wconf 84' lang='lat' dir='ltr'>interea</span> <span class='ocrx_word' id='word_1_215' title='bbox 946 3494 1036 3552; x_wconf 87' lang='lat' dir='ltr'>iactus</span> <span class='ocrx_word' id='word_1_216' title='bbox 1050 3493 1091 3551; x_wconf 91' lang='lat' dir='ltr'>iui</span> <span class='ocrx_word' id='word_1_217' title='bbox 1107 3510 1177 3566; x_wconf 86' lang='lat' dir='ltr'>opus</span> <span class='ocrx_word' id='word_1_218' title='bbox 1201 3494 1273 3557; x_wconf 86' lang='lat' dir='ltr'>idem</span> <span class='ocrx_word' id='word_1_219' title='bbox 1289 3497 1421 3566; x_wconf 88' lang='lat' dir='ltr'>scriptum</span> <span class='ocrx_word' id='word_1_220' title='bbox 1445 3495 1558 3568; x_wconf 83' lang='lat' dir='ltr'>reperiri</span> <span class='ocrx_word' id='word_1_221' title='bbox 1579 3495 1606 3549; x_wconf 92' lang='lat' dir='ltr'>iu</span> <span class='ocrx_word' id='word_1_222' title='bbox 1623 3492 1788 3549; x_wconf 85' lang='lat' dir='ltr'>bibl-ietireea</span> <span class='ocrx_word' id='word_1_223' title='bbox 1800 3507 1848 3549; x_wconf 82' lang='lat' dir='ltr'>sa·</span> 
     </span>
     <span class='ocr_line' id='line_1_22' title="bbox 218 3564 783 3622; baseline -0.004 0"><span class='ocrx_word' id='word_1_224' title='bbox 218 3565 323 3622; x_wconf 82' lang='lat' dir='ltr'>rettiss.</span> <span class='ocrx_word' id='word_1_225' title='bbox 339 3565 467 3622; x_wconf 80' lang='lat' dir='ltr'>electoris</span> <span class='ocrx_word' id='word_1_226' title='bbox 481 3565 560 3622; x_wconf 80' lang='lat' dir='ltr'>dacis</span> <span class='ocrx_word' id='word_1_227' title='bbox 572 3564 703 3621; x_wconf 79' lang='lat' dir='ltr'>Barariur.</span> <span class='ocrx_word' id='word_1_228' title='bbox 771 3588 783 3608; x_wconf 90' lang='lat'><strong>·</strong></span> 
     </span>
    </p>

    <p class='ocr_par' dir='ltr' id='par_1_7' title="bbox 213 3632 1851 5181">
     <span class='ocr_line' id='line_1_23' title="bbox 213 3632 1848 3710; baseline -0.001 -18"><span class='ocrx_word' id='word_1_229' title='bbox 213 3667 217 3682; x_wconf 66' lang='grc' dir='ltr'>ι</span> <span class='ocrx_word' id='word_1_230' title='bbox 255 3635 312 3692; x_wconf 88' lang='lat' dir='ltr'>Sed</span> <span class='ocrx_word' id='word_1_231' title='bbox 330 3642 358 3691; x_wconf 86' lang='lat' dir='ltr'>ei</span> <span class='ocrx_word' id='word_1_232' title='bbox 370 3635 504 3707; x_wconf 88' lang='lat' dir='ltr'>iiiicspes</span> <span class='ocrx_word' id='word_1_233' title='bbox 517 3653 577 3692; x_wconf 87' lang='lat' dir='ltr'>mea</span> <span class='ocrx_word' id='word_1_234' title='bbox 590 3636 792 3704; x_wconf 78' lang='lat' dir='ltr'>irustrataest3</span> <span class='ocrx_word' id='word_1_235' title='bbox 814 3651 878 3691; x_wconf 89' lang='lat' dir='ltr'>nam</span> <span class='ocrx_word' id='word_1_236' title='bbox 899 3637 966 3692; x_wconf 91' lang='lat' dir='ltr'>dum</span> <span class='ocrx_word' id='word_1_237' title='bbox 989 3636 1065 3710; x_wconf 74' lang='lat' dir='ltr'>praui</span> <span class='ocrx_word' id='word_1_238' title='bbox 1088 3637 1160 3695; x_wconf 86' lang='lat' dir='ltr'>betto</span> <span class='ocrx_word' id='word_1_239' title='bbox 1180 3640 1295 3703; x_wconf 84' lang='lat' dir='ltr'>cedere,</span> <span class='ocrx_word' id='word_1_240' title='bbox 1314 3653 1348 3693; x_wconf 92' lang='lat' dir='ltr'>ac</span> <span class='ocrx_word' id='word_1_241' title='bbox 1372 3637 1460 3694; x_wconf 89' lang='lat' dir='ltr'>soittm</span> <span class='ocrx_word' id='word_1_242' title='bbox 1475 3643 1581 3692; x_wconf 79' lang='lat' dir='ltr'>vertere</span> <span class='ocrx_word' id='word_1_243' title='bbox 1598 3644 1709 3691; x_wconf 84' lang='lat' dir='ltr'>coactus</span> <span class='ocrx_word' id='word_1_244' title='bbox 1726 3632 1778 3688; x_wconf 88' lang='lat' dir='ltr'>iuit</span> <span class='ocrx_word' id='word_1_245' title='bbox 1803 3633 1848 3690; x_wconf 88' lang='lat' dir='ltr'>iiie</span> 
     </span>
     <span class='ocr_line' id='line_1_24' title="bbox 217 3705 1848 3780; baseline -0.002 -16"><span class='ocrx_word' id='word_1_246' title='bbox 217 3706 325 3764; x_wconf 83' lang='lat' dir='ltr'>esocisi</span> <span class='ocrx_word' id='word_1_247' title='bbox 340 3705 427 3762; x_wconf 87' lang='lat' dir='ltr'>animi</span> <span class='ocrx_word' id='word_1_248' title='bbox 441 3709 579 3778; x_wconf 87' lang='lat' dir='ltr'>princeps,</span> <span class='ocrx_word' id='word_1_249' title='bbox 596 3708 750 3778; x_wconf 80' lang='lat' dir='ltr'>cuempiam</span> <span class='ocrx_word' id='word_1_250' title='bbox 767 3707 851 3779; x_wconf 83' lang='lat' dir='ltr'>nujus</span> <span class='ocrx_word' id='word_1_251' title='bbox 863 3706 996 3764; x_wconf 87' lang='lat' dir='ltr'>Citronici</span> <span class='ocrx_word' id='word_1_252' title='bbox 1014 3716 1159 3777; x_wconf 76' lang='lat' dir='ltr'>expetente</span> <span class='ocrx_word' id='word_1_253' title='bbox 1180 3708 1307 3765; x_wconf 73' lang='lat' dir='ltr'>Cesarea</span> <span class='ocrx_word' id='word_1_254' title='bbox 1325 3709 1443 3780; x_wconf 84' lang='lat' dir='ltr'>quodam</span> <span class='ocrx_word' id='word_1_255' title='bbox 1469 3707 1613 3772; x_wconf 86' lang='lat' dir='ltr'>ministro,</span> <span class='ocrx_word' id='word_1_256' title='bbox 1638 3706 1723 3761; x_wconf 84' lang='lat' dir='ltr'>codex</span> <span class='ocrx_word' id='word_1_257' title='bbox 1745 3719 1798 3762; x_wconf 82' lang='lat' dir='ltr'>tus.</span> <span class='ocrx_word' id='word_1_258' title='bbox 1814 3720 1848 3761; x_wconf 82' lang='lat' dir='ltr'>ac</span> 
     </span>
     <span class='ocr_line' id='line_1_25' title="bbox 218 3777 1847 3851; baseline -0.002 -17"><span class='ocrx_word' id='word_1_259' title='bbox 218 3777 450 3834; x_wconf 87' lang='lat' dir='ltr'>membranaceus</span> <span class='ocrx_word' id='word_1_260' title='bbox 469 3795 485 3834; x_wconf 89' lang='lat' dir='ltr'>e</span> <span class='ocrx_word' id='word_1_261' title='bbox 505 3779 668 3834; x_wconf 87' lang='lat' dir='ltr'>bibiiotbeca</span> <span class='ocrx_word' id='word_1_262' title='bbox 689 3779 806 3835; x_wconf 87' lang='lat' dir='ltr'>eductus</span> <span class='ocrx_word' id='word_1_263' title='bbox 827 3794 889 3835; x_wconf 90' lang='lat' dir='ltr'>curn</span> <span class='ocrx_word' id='word_1_264' title='bbox 916 3780 1003 3849; x_wconf 90' lang='lat' dir='ltr'>ipsius</span> <span class='ocrx_word' id='word_1_265' title='bbox 1030 3778 1149 3839; x_wconf 89' lang='lat' dir='ltr'>ministri</span> <span class='ocrx_word' id='word_1_266' title='bbox 1174 3789 1263 3837; x_wconf 90' lang='lat' dir='ltr'>ntorte</span> <span class='ocrx_word' id='word_1_267' title='bbox 1285 3780 1469 3851; x_wconf 85' lang='lat' dir='ltr'>inopportuna</span> <span class='ocrx_word' id='word_1_268' title='bbox 1499 3778 1621 3833; x_wconf 78' lang='lat' dir='ltr'>euanuit.</span> <span class='ocrx_word' id='word_1_269' title='bbox 1652 3777 1756 3832; x_wconf 86' lang='lat' dir='ltr'>itrterea</span> <span class='ocrx_word' id='word_1_270' title='bbox 1783 3791 1847 3831; x_wconf 84' lang='lat' dir='ltr'>cum</span> 
     </span>
     <span class='ocr_line' id='line_1_26' title="bbox 217 3846 1847 3919; baseline -0.001 -15"><span class='ocrx_word' id='word_1_271' title='bbox 217 3848 364 3904; x_wconf 77' lang='lat' dir='ltr'>attentiori</span> <span class='ocrx_word' id='word_1_272' title='bbox 378 3848 459 3905; x_wconf 89' lang='lat' dir='ltr'>ocuio</span> <span class='ocrx_word' id='word_1_273' title='bbox 479 3859 668 3919; x_wconf 85' lang='lat' dir='ltr'>perscrutarer</span> <span class='ocrx_word' id='word_1_274' title='bbox 678 3865 731 3906; x_wconf 90' lang='lat' dir='ltr'>ms.</span> <span class='ocrx_word' id='word_1_275' title='bbox 744 3850 853 3906; x_wconf 89' lang='lat' dir='ltr'>codices</span> <span class='ocrx_word' id='word_1_276' title='bbox 872 3847 995 3906; x_wconf 82' lang='lat' dir='ltr'>Esteusis</span> <span class='ocrx_word' id='word_1_277' title='bbox 1011 3847 1194 3918; x_wconf 76' lang='lat' dir='ltr'>bibliothece,</span> <span class='ocrx_word' id='word_1_278' title='bbox 1209 3853 1286 3907; x_wconf 79' lang='lat' dir='ltr'>uisus</span> <span class='ocrx_word' id='word_1_279' title='bbox 1306 3867 1367 3907; x_wconf 86' lang='lat' dir='ltr'>sam</span> <span class='ocrx_word' id='word_1_280' title='bbox 1389 3849 1456 3906; x_wconf 87' lang='lat' dir='ltr'>mibi</span> <span class='ocrx_word' id='word_1_281' title='bbox 1482 3850 1586 3906; x_wconf 83' lang='lat' dir='ltr'>inscius</span> <span class='ocrx_word' id='word_1_282' title='bbox 1608 3847 1749 3919; x_wconf 86' lang='lat' dir='ltr'>possidere</span> <span class='ocrx_word' id='word_1_283' title='bbox 1773 3846 1847 3918; x_wconf 88' lang='lat' dir='ltr'>quod</span> 
     </span>
     <span class='ocr_line' id='line_1_27' title="bbox 214 3920 1848 3992; baseline -0.001 -18"><span class='ocrx_word' id='word_1_284' title='bbox 214 3920 288 3975; x_wconf 85' lang='lat' dir='ltr'>aiibi</span> <span class='ocrx_word' id='word_1_285' title='bbox 303 3929 379 3974; x_wconf 87' lang='lat' dir='ltr'>tanta</span> <span class='ocrx_word' id='word_1_286' title='bbox 393 3920 532 3976; x_wconf 81' lang='lat' dir='ltr'>anxietate</span> <span class='ocrx_word' id='word_1_287' title='bbox 556 3922 722 3992; x_wconf 77' lang='lat' dir='ltr'>quaerebam.</span> <span class='ocrx_word' id='word_1_288' title='bbox 744 3922 772 3976; x_wconf 92' lang='lat' dir='ltr'>in</span> <span class='ocrx_word' id='word_1_289' title='bbox 796 3920 891 3976; x_wconf 87' lang='lat' dir='ltr'>eadem</span> <span class='ocrx_word' id='word_1_290' title='bbox 912 3922 1013 3991; x_wconf 85' lang='lat' dir='ltr'>quippe</span> <span class='ocrx_word' id='word_1_291' title='bbox 1040 3921 1205 3978; x_wconf 84' lang='lat' dir='ltr'>bibliotheca</span> <span class='ocrx_word' id='word_1_292' title='bbox 1230 3931 1354 3978; x_wconf 82' lang='lat' dir='ltr'>seruntur</span> <span class='ocrx_word' id='word_1_293' title='bbox 1377 3922 1604 3977; x_wconf 87' lang='lat' dir='ltr'>membranaceus</span> <span class='ocrx_word' id='word_1_294' title='bbox 1626 3934 1659 3974; x_wconf 87' lang='lat' dir='ltr'>ec</span> <span class='ocrx_word' id='word_1_295' title='bbox 1674 3926 1848 3988; x_wconf 80' lang='lat' dir='ltr'>pervetustus</span> 
     </span>
     <span class='ocr_line' id='line_1_28' title="bbox 216 3990 1846 4064; baseline -0.002 -18"><span class='ocrx_word' id='word_1_296' title='bbox 216 3990 320 4056; x_wconf 71' lang='lat' dir='ltr'>eides,</span> <span class='ocrx_word' id='word_1_297' title='bbox 334 4005 415 4059; x_wconf 89' lang='lat' dir='ltr'>quem</span> <span class='ocrx_word' id='word_1_298' title='bbox 429 3993 483 4047; x_wconf 89' lang='lat' dir='ltr'>scri</span> <span class='ocrx_word' id='word_1_299' title='bbox 506 4001 563 4048; x_wconf 90' lang='lat' dir='ltr'>tum</span> <span class='ocrx_word' id='word_1_300' title='bbox 575 4006 675 4047; x_wconf 87' lang='lat' dir='ltr'>cerrsco</span> <span class='ocrx_word' id='word_1_301' title='bbox 690 3993 859 4062; x_wconf 85' lang='lat' dir='ltr'>temporibus</span> <span class='ocrx_word' id='word_1_302' title='bbox 872 3990 1010 4047; x_wconf 85' lang='lat' dir='ltr'>Cuiiieiuri</span> <span class='ocrx_word' id='word_1_303' title='bbox 1020 3991 1054 4046; x_wconf 89' lang='lat' dir='ltr'>dc</span> <span class='ocrx_word' id='word_1_304' title='bbox 1066 3990 1153 4047; x_wconf 81' lang='lat' dir='ltr'>bobio</span> <span class='ocrx_word' id='word_1_305' title='bbox 1164 3993 1286 4064; x_wconf 87' lang='lat' dir='ltr'>episcopi</span> <span class='ocrx_word' id='word_1_306' title='bbox 1302 3991 1454 4064; x_wconf 80' lang='lat' dir='ltr'>iieqieusis,</span> <span class='ocrx_word' id='word_1_307' title='bbox 1469 3992 1522 4048; x_wconf 87' lang='lat' dir='ltr'>iroc</span> <span class='ocrx_word' id='word_1_308' title='bbox 1549 4001 1591 4048; x_wconf 86' lang='lat' dir='ltr'>est</span> <span class='ocrx_word' id='word_1_309' title='bbox 1611 3991 1721 4047; x_wconf 89' lang='lat' dir='ltr'>circiter</span> <span class='ocrx_word' id='word_1_310' title='bbox 1744 4003 1846 4044; x_wconf 84' lang='lat' dir='ltr'>urinum</span> 
     </span>
     <span class='ocr_line' id='line_1_29' title="bbox 217 4007 1846 4144; baseline 0 -28"><span class='ocrx_word' id='word_1_311' title='bbox 217 4060 326 4117; x_wconf 76' lang='lat' dir='ltr'>Christi</span> <span class='ocrx_word' id='word_1_312' title='bbox 344 4061 427 4127; x_wconf 71' lang='lat'><strong>{2903</strong></span> <span class='ocrx_word' id='word_1_313' title='bbox 443 4063 471 4144; x_wconf 78' lang='lat' dir='ltr'>iu</span> <span class='ocrx_word' id='word_1_314' title='bbox 486 4007 562 4119; x_wconf 78' lang='lat' dir='ltr'>bunc</span> <span class='ocrx_word' id='word_1_315' title='bbox 574 4064 648 4118; x_wconf 86' lang='lat' dir='ltr'>enirn</span> <span class='ocrx_word' id='word_1_316' title='bbox 663 4064 821 4134; x_wconf 88' lang='lat' dir='ltr'>episcopum</span> <span class='ocrx_word' id='word_1_317' title='bbox 833 4062 935 4118; x_wconf 89' lang='lat' dir='ltr'>desiuit</span> <span class='ocrx_word' id='word_1_318' title='bbox 949 4062 1091 4132; x_wconf 72' lang='lat' dir='ltr'>castoque</span> <span class='ocrx_word' id='word_1_319' title='bbox 1102 4065 1293 4133; x_wconf 82' lang='lat' dir='ltr'>episcoporum</span> <span class='ocrx_word' id='word_1_320' title='bbox 1307 4061 1482 4134; x_wconf 74' lang='lat' dir='ltr'>Regiensinm</span> <span class='ocrx_word' id='word_1_321' title='bbox 1492 4063 1526 4117; x_wconf 86' lang='lat' dir='ltr'>in</span> <span class='ocrx_word' id='word_1_322' title='bbox 1547 4060 1622 4118; x_wconf 89' lang='lat' dir='ltr'>caicc</span> <span class='ocrx_word' id='word_1_323' title='bbox 1641 4059 1706 4116; x_wconf 87' lang='lat' dir='ltr'>iibri</span> <span class='ocrx_word' id='word_1_324' title='bbox 1730 4061 1846 4130; x_wconf 88' lang='lat' dir='ltr'>positus.</span> 
     </span>
     <span class='ocr_line' id='line_1_30' title="bbox 219 4130 1848 4205; baseline -0.001 -18"><span class='ocrx_word' id='word_1_325' title='bbox 219 4130 262 4188; x_wconf 89' lang='lat' dir='ltr'>ibi</span> <span class='ocrx_word' id='word_1_326' title='bbox 280 4147 346 4187; x_wconf 81' lang='lat' dir='ltr'>vero</span> <span class='ocrx_word' id='word_1_327' title='bbox 357 4133 514 4187; x_wconf 83' lang='lat' dir='ltr'>Cbruutrou</span> <span class='ocrx_word' id='word_1_328' title='bbox 528 4134 694 4189; x_wconf 80' lang='lat' dir='ltr'>innominati</span> <span class='ocrx_word' id='word_1_329' title='bbox 707 4133 830 4190; x_wconf 90' lang='lat' dir='ltr'>auctoris</span> <span class='ocrx_word' id='word_1_330' title='bbox 843 4132 959 4188; x_wconf 85' lang='lat' dir='ltr'>babetur</span> <span class='ocrx_word' id='word_1_331' title='bbox 973 4148 1035 4189; x_wconf 91' lang='lat' dir='ltr'>cum</span> <span class='ocrx_word' id='word_1_332' title='bbox 1050 4135 1134 4188; x_wconf 88' lang='lat' dir='ltr'>bucce</span> <span class='ocrx_word' id='word_1_333' title='bbox 1153 4142 1260 4190; x_wconf 83' lang='lat' dir='ltr'>tuntum</span> <span class='ocrx_word' id='word_1_334' title='bbox 1274 4134 1373 4189; x_wconf 89' lang='lat' dir='ltr'>tituio:</span> <span class='ocrx_word' id='word_1_335' title='bbox 1389 4131 1488 4205; x_wconf 87' lang='lat' dir='ltr'>irrcipit</span> <span class='ocrx_word' id='word_1_336' title='bbox 1506 4132 1639 4190; x_wconf 86' lang='lat' dir='ltr'>Cirronr&#39;ca</span> <span class='ocrx_word' id='word_1_337' title='bbox 1656 4131 1848 4202; x_wconf 83' lang='lat' dir='ltr'>imperatarum</span> 
     </span>
     <span class='ocr_line' id='line_1_31' title="bbox 220 4200 1845 4276; baseline -0.001 -19"><span class='ocrx_word' id='word_1_338' title='bbox 220 4201 383 4257; x_wconf 74' lang='lat' dir='ltr'>Latinorum</span> <span class='ocrx_word' id='word_1_339' title='bbox 396 4212 422 4257; x_wconf 90' lang='lat' dir='ltr'>et</span> <span class='ocrx_word' id='word_1_340' title='bbox 436 4202 600 4272; x_wconf 75' lang='lat' dir='ltr'>Graecorum,</span> <span class='ocrx_word' id='word_1_341' title='bbox 615 4213 640 4259; x_wconf 86' lang='lat' dir='ltr'>ci</span> <span class='ocrx_word' id='word_1_342' title='bbox 655 4221 746 4276; x_wconf 76' lang='lat' dir='ltr'>repunt</span> <span class='ocrx_word' id='word_1_343' title='bbox 759 4202 1005 4276; x_wconf 64' lang='lat' dir='ltr'>loncobardorum,</span> <span class='ocrx_word' id='word_1_344' title='bbox 1023 4215 1048 4257; x_wconf 88' lang='lat' dir='ltr'>et</span> <span class='ocrx_word' id='word_1_345' title='bbox 1063 4203 1179 4258; x_wconf 85' lang='lat' dir='ltr'>aiiaram</span> <span class='ocrx_word' id='word_1_346' title='bbox 1193 4206 1341 4260; x_wconf 87' lang='lat' dir='ltr'>nationum.</span> <span class='ocrx_word' id='word_1_347' title='bbox 1354 4203 1476 4260; x_wconf 88' lang='lat' dir='ltr'>Primum</span> <span class='ocrx_word' id='word_1_348' title='bbox 1491 4203 1641 4275; x_wconf 83' lang='lat' dir='ltr'>capitatam</span> <span class='ocrx_word' id='word_1_349' title='bbox 1657 4212 1700 4259; x_wconf 88' lang='lat' dir='ltr'>est</span> <span class='ocrx_word' id='word_1_350' title='bbox 1721 4201 1754 4255; x_wconf 87' lang='lat' dir='ltr'>ds</span> <span class='ocrx_word' id='word_1_351' title='bbox 1779 4200 1845 4257; x_wconf 81' lang='lat' dir='ltr'>Pto·</span> 
     </span>
     <span class='ocr_line' id='line_1_32' title="bbox 220 4271 1849 4347; baseline 0 -19"><span class='ocrx_word' id='word_1_352' title='bbox 220 4273 316 4328; x_wconf 84' lang='lat' dir='ltr'>icrttoeo</span> <span class='ocrx_word' id='word_1_353' title='bbox 328 4271 468 4342; x_wconf 74' lang='lat' dir='ltr'>Dionysio,</span> <span class='ocrx_word' id='word_1_354' title='bbox 477 4284 502 4329; x_wconf 91' lang='lat' dir='ltr'>et</span> <span class='ocrx_word' id='word_1_355' title='bbox 517 4275 639 4346; x_wconf 76' lang='lat' dir='ltr'>depastis</span> <span class='ocrx_word' id='word_1_356' title='bbox 652 4293 711 4347; x_wconf 82' lang='lat' dir='ltr'>quar</span> <span class='ocrx_word' id='word_1_357' title='bbox 723 4277 828 4345; x_wconf 75' lang='lat' dir='ltr'>[uerunt</span> <span class='ocrx_word' id='word_1_358' title='bbox 841 4291 888 4329; x_wconf 85' lang='lat' dir='ltr'>stro</span> <span class='ocrx_word' id='word_1_359' title='bbox 904 4284 1029 4346; x_wconf 84' lang='lat' dir='ltr'>tempore,</span> <span class='ocrx_word' id='word_1_360' title='bbox 1042 4284 1067 4328; x_wconf 89' lang='lat' dir='ltr'>et</span> <span class='ocrx_word' id='word_1_361' title='bbox 1082 4274 1143 4329; x_wconf 86' lang='lat' dir='ltr'>aiiis</span> <span class='ocrx_word' id='word_1_362' title='bbox 1159 4276 1312 4340; x_wconf 80' lang='lat' dir='ltr'>baronibus,</span> <span class='ocrx_word' id='word_1_363' title='bbox 1323 4285 1348 4330; x_wconf 87' lang='lat' dir='ltr'>et</span> <span class='ocrx_word' id='word_1_364' title='bbox 1359 4277 1391 4330; x_wconf 84' lang='lat' dir='ltr'>tie</span> <span class='ocrx_word' id='word_1_365' title='bbox 1403 4276 1483 4346; x_wconf 75' lang='lat' dir='ltr'>pestis</span> <span class='ocrx_word' id='word_1_366' title='bbox 1496 4274 1625 4344; x_wconf 81' lang='lat' dir='ltr'>Pompeii.</span> <span class='ocrx_word' id='word_1_367' title='bbox 1637 4272 1849 4342; x_wconf 83' lang='lat' dir='ltr'>Subsequuutur</span> 
     </span>
     <span class='ocr_line' id='line_1_33' title="bbox 221 4343 1848 4418; baseline -0.001 -17"><span class='ocrx_word' id='word_1_368' title='bbox 221 4343 344 4414; x_wconf 82' lang='lat' dir='ltr'>capitata</span> <span class='ocrx_word' id='word_1_369' title='bbox 359 4345 392 4398; x_wconf 88' lang='lat' dir='ltr'>de</span> <span class='ocrx_word' id='word_1_370' title='bbox 403 4343 478 4399; x_wconf 80' lang='lat' dir='ltr'>dudio</span> <span class='ocrx_word' id='word_1_371' title='bbox 494 4345 610 4410; x_wconf 69' lang='lat' dir='ltr'>Caesare,</span> <span class='ocrx_word' id='word_1_372' title='bbox 623 4349 693 4401; x_wconf 88' lang='lat' dir='ltr'>etde</span> <span class='ocrx_word' id='word_1_373' title='bbox 709 4347 788 4418; x_wconf 74' lang='lat' dir='ltr'>pestis</span> <span class='ocrx_word' id='word_1_374' title='bbox 803 4346 870 4416; x_wconf 80' lang='lat' dir='ltr'>ejus.</span> <span class='ocrx_word' id='word_1_375' title='bbox 886 4344 956 4399; x_wconf 82' lang='lat' dir='ltr'>Turn</span> <span class='ocrx_word' id='word_1_376' title='bbox 971 4345 1004 4400; x_wconf 89' lang='lat' dir='ltr'>de</span> <span class='ocrx_word' id='word_1_377' title='bbox 1020 4344 1166 4401; x_wconf 84' lang='lat' dir='ltr'>Octauiano</span> <span class='ocrx_word' id='word_1_378' title='bbox 1179 4348 1347 4417; x_wconf 83' lang='lat' dir='ltr'>imperatore,</span> <span class='ocrx_word' id='word_1_379' title='bbox 1359 4357 1413 4403; x_wconf 87' lang='lat' dir='ltr'>etc.</span> <span class='ocrx_word' id='word_1_380' title='bbox 1428 4345 1521 4411; x_wconf 81' lang='lat' dir='ltr'>Hisce,</span> <span class='ocrx_word' id='word_1_381' title='bbox 1538 4362 1600 4416; x_wconf 78' lang='lat' dir='ltr'>quse</span> <span class='ocrx_word' id='word_1_382' title='bbox 1613 4361 1647 4400; x_wconf 84' lang='lat' dir='ltr'>ex</span> <span class='ocrx_word' id='word_1_383' title='bbox 1661 4344 1782 4414; x_wconf 85' lang='lat' dir='ltr'>probatis</span> <span class='ocrx_word' id='word_1_384' title='bbox 1796 4359 1848 4400; x_wconf 87' lang='lat' dir='ltr'>att·</span> 
     </span>
     <span class='ocr_line' id='line_1_34' title="bbox 221 4415 1848 4487; baseline -0.002 -15"><span class='ocrx_word' id='word_1_385' title='bbox 221 4416 350 4472; x_wconf 77' lang='lat' dir='ltr'>swainus</span> <span class='ocrx_word' id='word_1_386' title='bbox 359 4415 485 4487; x_wconf 86' lang='lat' dir='ltr'>decerpta</span> <span class='ocrx_word' id='word_1_387' title='bbox 499 4425 587 4486; x_wconf 80' lang='lat' dir='ltr'>eram,</span> <span class='ocrx_word' id='word_1_388' title='bbox 600 4418 721 4472; x_wconf 87' lang='lat' dir='ltr'>mirabar</span> <span class='ocrx_word' id='word_1_389' title='bbox 734 4417 849 4473; x_wconf 80' lang='lat' dir='ltr'>subinde</span> <span class='ocrx_word' id='word_1_390' title='bbox 860 4417 1026 4487; x_wconf 81' lang='lat' dir='ltr'>interspersa</span> <span class='ocrx_word' id='word_1_391' title='bbox 1038 4415 1163 4471; x_wconf 89' lang='lat' dir='ltr'>iabuiosu</span> <span class='ocrx_word' id='word_1_392' title='bbox 1181 4417 1304 4486; x_wconf 81' lang='lat' dir='ltr'>rqrtaedatn</span> <span class='ocrx_word' id='word_1_393' title='bbox 1320 4427 1486 4481; x_wconf 87' lang='lat' dir='ltr'>commenta,</span> <span class='ocrx_word' id='word_1_394' title='bbox 1501 4431 1599 4486; x_wconf 86' lang='lat' dir='ltr'>nempe</span> <span class='ocrx_word' id='word_1_395' title='bbox 1610 4416 1643 4470; x_wconf 91' lang='lat' dir='ltr'>ds</span> <span class='ocrx_word' id='word_1_396' title='bbox 1657 4416 1758 4471; x_wconf 84' lang='lat' dir='ltr'>risione</span> <span class='ocrx_word' id='word_1_397' title='bbox 1767 4430 1848 4486; x_wconf 79' lang='lat' dir='ltr'>quant</span> 
     </span>
     <span class='ocr_line' id='line_1_35' title="bbox 221 4484 1847 4558; baseline -0.001 -17"><span class='ocrx_word' id='word_1_398' title='bbox 221 4486 290 4541; x_wconf 77' lang='lat' dir='ltr'>uidit</span> <span class='ocrx_word' id='word_1_399' title='bbox 306 4484 468 4541; x_wconf 79' lang='lat' dir='ltr'>Octauianus</span> <span class='ocrx_word' id='word_1_400' title='bbox 483 4489 628 4558; x_wconf 84' lang='lat' dir='ltr'>imperator</span> <span class='ocrx_word' id='word_1_401' title='bbox 642 4488 764 4543; x_wconf 83' lang='lat' dir='ltr'>debeata</span> <span class='ocrx_word' id='word_1_402' title='bbox 782 4486 881 4544; x_wconf 82' lang='lat' dir='ltr'>biario.</span> <span class='ocrx_word' id='word_1_403' title='bbox 896 4485 935 4541; x_wconf 81' lang='lat' dir='ltr'>iis</span> <span class='ocrx_word' id='word_1_404' title='bbox 952 4497 1064 4558; x_wconf 87' lang='lat' dir='ltr'>patreet</span> <span class='ocrx_word' id='word_1_405' title='bbox 1076 4497 1161 4542; x_wconf 90' lang='lat' dir='ltr'>matre</span> <span class='ocrx_word' id='word_1_406' title='bbox 1172 4485 1266 4553; x_wconf 83' lang='lat' dir='ltr'>Piiatr&#39;,</span> <span class='ocrx_word' id='word_1_407' title='bbox 1282 4486 1390 4558; x_wconf 81' lang='lat' dir='ltr'>aliaque</span> <span class='ocrx_word' id='word_1_408' title='bbox 1405 4487 1614 4558; x_wconf 72' lang='lat' dir='ltr'>numasque</span> <span class='ocrx_word' id='word_1_409' title='bbox 1633 4486 1700 4541; x_wconf 84' lang='lat' dir='ltr'>milti</span> <span class='ocrx_word' id='word_1_410' title='bbox 1712 4486 1847 4543; x_wconf 79' lang='lat' dir='ltr'>insulsum</span> 
     </span>
     <span class='ocr_line' id='line_1_36' title="bbox 221 4555 1849 4629; baseline -0.002 -16"><span class='ocrx_word' id='word_1_411' title='bbox 221 4558 489 4624; x_wconf 68' lang='lat' dir='ltr'>consarcinatorem,</span> <span class='ocrx_word' id='word_1_412' title='bbox 506 4559 562 4613; x_wconf 87' lang='lat' dir='ltr'>iruo</span> <span class='ocrx_word' id='word_1_413' title='bbox 577 4559 720 4614; x_wconf 90' lang='lat' dir='ltr'>ridendum</span> <span class='ocrx_word' id='word_1_414' title='bbox 734 4558 891 4625; x_wconf 79' lang='lat' dir='ltr'>exhibeant,</span> <span class='ocrx_word' id='word_1_415' title='bbox 908 4572 942 4613; x_wconf 88' lang='lat' dir='ltr'>ac</span> <span class='ocrx_word' id='word_1_416' title='bbox 959 4559 1074 4629; x_wconf 86' lang='lat' dir='ltr'>proinde</span> <span class='ocrx_word' id='word_1_417' title='bbox 1088 4559 1195 4628; x_wconf 86' lang='lat' dir='ltr'>abipsa</span> <span class='ocrx_word' id='word_1_418' title='bbox 1211 4555 1331 4614; x_wconf 80' lang='lat' dir='ltr'>Historia</span> <span class='ocrx_word' id='word_1_419' title='bbox 1346 4559 1469 4614; x_wconf 86' lang='lat' dir='ltr'>atriruunr</span> <span class='ocrx_word' id='word_1_420' title='bbox 1493 4573 1583 4613; x_wconf 81' lang='lat' dir='ltr'>nterim</span> <span class='ocrx_word' id='word_1_421' title='bbox 1606 4572 1721 4628; x_wconf 87' lang='lat' dir='ltr'>prorsus</span> <span class='ocrx_word' id='word_1_422' title='bbox 1742 4565 1849 4613; x_wconf 81' lang='lat' dir='ltr'>averte-</span> 
     </span>
     <span class='ocr_line' id='line_1_37' title="bbox 222 4624 1847 4702; baseline -0.002 -18"><span class='ocrx_word' id='word_1_423' title='bbox 222 4627 302 4684; x_wconf 85' lang='lat' dir='ltr'>bant.</span> <span class='ocrx_word' id='word_1_424' title='bbox 318 4625 419 4682; x_wconf 80' lang='lat' dir='ltr'>Verum</span> <span class='ocrx_word' id='word_1_425' title='bbox 432 4630 520 4701; x_wconf 78' lang='lat' dir='ltr'>legere</span> <span class='ocrx_word' id='word_1_426' title='bbox 534 4644 661 4702; x_wconf 77' lang='lat' dir='ltr'>pergens,</span> <span class='ocrx_word' id='word_1_427' title='bbox 675 4645 731 4700; x_wconf 89' lang='lat' dir='ltr'>quo</span> <span class='ocrx_word' id='word_1_428' title='bbox 745 4630 806 4700; x_wconf 87' lang='lat' dir='ltr'>pius</span> <span class='ocrx_word' id='word_1_429' title='bbox 821 4630 989 4699; x_wconf 79' lang='lat' dir='ltr'>progredior,</span> <span class='ocrx_word' id='word_1_430' title='bbox 1003 4644 1036 4683; x_wconf 87' lang='lat' dir='ltr'>eo</span> <span class='ocrx_word' id='word_1_431' title='bbox 1052 4628 1137 4697; x_wconf 85' lang='lat' dir='ltr'>piaris</span> <span class='ocrx_word' id='word_1_432' title='bbox 1151 4628 1342 4684; x_wconf 71' lang='lat' dir='ltr'>restituendum</span> <span class='ocrx_word' id='word_1_433' title='bbox 1354 4631 1517 4698; x_wconf 84' lang='lat' dir='ltr'>scriptorem</span> <span class='ocrx_word' id='word_1_434' title='bbox 1529 4633 1646 4698; x_wconf 87' lang='lat' dir='ltr'>reperio.</span> <span class='ocrx_word' id='word_1_435' title='bbox 1659 4624 1729 4682; x_wconf 85' lang='lat' dir='ltr'>Turn</span> <span class='ocrx_word' id='word_1_436' title='bbox 1741 4642 1770 4684; x_wconf 91' lang='lat' dir='ltr'>sc</span> <span class='ocrx_word' id='word_1_437' title='bbox 1781 4626 1847 4681; x_wconf 87' lang='lat' dir='ltr'>mibi</span> 
     </span>
     <span class='ocr_line' id='line_1_38' title="bbox 222 4696 1847 4770; baseline -0.003 -15"><span class='ocrx_word' id='word_1_438' title='bbox 222 4699 253 4755; x_wconf 90' lang='lat' dir='ltr'>in</span> <span class='ocrx_word' id='word_1_439' title='bbox 268 4707 406 4769; x_wconf 84' lang='lat' dir='ltr'>postrema</span> <span class='ocrx_word' id='word_1_440' title='bbox 422 4710 498 4770; x_wconf 86' lang='lat' dir='ltr'>parte</span> <span class='ocrx_word' id='word_1_441' title='bbox 509 4702 652 4766; x_wconf 79' lang='lat' dir='ltr'>objiciunt,</span> <span class='ocrx_word' id='word_1_442' title='bbox 665 4717 726 4770; x_wconf 82' lang='lat' dir='ltr'>quae</span> <span class='ocrx_word' id='word_1_443' title='bbox 739 4704 775 4755; x_wconf 87' lang='lat' dir='ltr'>ab</span> <span class='ocrx_word' id='word_1_444' title='bbox 789 4715 844 4755; x_wconf 89' lang='lat' dir='ltr'>unc</span> <span class='ocrx_word' id='word_1_445' title='bbox 859 4698 974 4755; x_wconf 86' lang='lat' dir='ltr'>Sicurdo</span> <span class='ocrx_word' id='word_1_446' title='bbox 990 4697 1109 4769; x_wconf 86' lang='lat' dir='ltr'>proiecta</span> <span class='ocrx_word' id='word_1_447' title='bbox 1137 4713 1217 4753; x_wconf 83' lang='lat' dir='ltr'>nerito</span> <span class='ocrx_word' id='word_1_448' title='bbox 1242 4699 1362 4770; x_wconf 80' lang='lat' dir='ltr'>rreqebit,</span> <span class='ocrx_word' id='word_1_449' title='bbox 1386 4699 1467 4770; x_wconf 88' lang='lat' dir='ltr'>quaie</span> <span class='ocrx_word' id='word_1_450' title='bbox 1490 4699 1663 4770; x_wconf 87' lang='lat' dir='ltr'>potissimum</span> <span class='ocrx_word' id='word_1_451' title='bbox 1689 4696 1754 4752; x_wconf 91' lang='lat' dir='ltr'>iilud</span> <span class='ocrx_word' id='word_1_452' title='bbox 1777 4707 1847 4764; x_wconf 90' lang='lat' dir='ltr'>erat,</span> 
     </span>
     <span class='ocr_line' id='line_1_39' title="bbox 221 4765 1849 4844; baseline -0.001 -19"><span class='ocrx_word' id='word_1_453' title='bbox 221 4769 300 4840; x_wconf 88' lang='lat' dir='ltr'>quod</span> <span class='ocrx_word' id='word_1_454' title='bbox 315 4768 349 4824; x_wconf 89' lang='lat' dir='ltr'>de</span> <span class='ocrx_word' id='word_1_455' title='bbox 361 4767 523 4825; x_wconf 81' lang='lat' dir='ltr'>Horrrobuuo</span> <span class='ocrx_word' id='word_1_456' title='bbox 534 4773 731 4838; x_wconf 84' lang='lat' dir='ltr'>Cremonense,</span> <span class='ocrx_word' id='word_1_457' title='bbox 750 4771 945 4844; x_wconf 87' lang='lat' dir='ltr'>piissimoriro</span> <span class='ocrx_word' id='word_1_458' title='bbox 958 4771 984 4823; x_wconf 90' lang='lat' dir='ltr'>iu</span> <span class='ocrx_word' id='word_1_459' title='bbox 1001 4777 1159 4825; x_wconf 76' lang='lat' dir='ltr'>senmurum</span> <span class='ocrx_word' id='word_1_460' title='bbox 1175 4770 1269 4823; x_wconf 84' lang='lat' dir='ltr'>albuni</span> <span class='ocrx_word' id='word_1_461' title='bbox 1284 4786 1333 4826; x_wconf 83' lang='lat' dir='ltr'>sua</span> <span class='ocrx_word' id='word_1_462' title='bbox 1351 4785 1417 4826; x_wconf 87' lang='lat' dir='ltr'>caru</span> <span class='ocrx_word' id='word_1_463' title='bbox 1437 4770 1522 4836; x_wconf 87' lang='lat' dir='ltr'>iiiato,</span> <span class='ocrx_word' id='word_1_464' title='bbox 1546 4772 1579 4825; x_wconf 90' lang='lat' dir='ltr'>ad</span> <span class='ocrx_word' id='word_1_465' title='bbox 1604 4783 1708 4823; x_wconf 80' lang='lat' dir='ltr'>aurnum</span> <span class='ocrx_word' id='word_1_466' title='bbox 1733 4765 1799 4824; x_wconf 82' lang='grc'><strong>1198</strong></span> <span class='ocrx_word' id='word_1_467' title='bbox 1825 4769 1849 4825; x_wconf 90' lang='lat' dir='ltr'>is</span> 
     </span>
     <span class='ocr_line' id='line_1_40' title="bbox 223 4838 1848 4965; baseline -0.003 -67"><span class='ocrx_word' id='word_1_468' title='bbox 223 4841 320 4903; x_wconf 85' lang='lat' dir='ltr'>rciert,</span> <span class='ocrx_word' id='word_1_469' title='bbox 335 4855 419 4912; x_wconf 84' lang='lat' dir='ltr'>seque</span> <span class='ocrx_word' id='word_1_470' title='bbox 433 4858 506 4898; x_wconf 82' lang='lat' dir='ltr'>aritio</span> <span class='ocrx_word' id='word_1_471' title='bbox 522 4842 591 4898; x_wconf 71' lang='grc'><strong>12115</strong></span> <span class='ocrx_word' id='word_1_472' title='bbox 606 4842 632 4896; x_wconf 87' lang='lat' dir='ltr'>in</span> <span class='ocrx_word' id='word_1_473' title='bbox 649 4841 805 4897; x_wconf 76' lang='lat' dir='ltr'>Armeniam</span> <span class='ocrx_word' id='word_1_474' title='bbox 822 4840 908 4897; x_wconf 87' lang='lat' dir='ltr'>inisse</span> <span class='ocrx_word' id='word_1_475' title='bbox 922 4843 1123 4911; x_wconf 76' lang='lat' dir='ltr'>peregrinatura</span> <span class='ocrx_word' id='word_1_476' title='bbox 1140 4857 1147 4894; x_wconf 77' lang='grc' dir='ltr'>ι</span> <span class='ocrx_word' id='word_1_477' title='bbox 1164 4838 1237 4908; x_wconf 88' lang='lat' dir='ltr'>quod</span> <span class='ocrx_word' id='word_1_478' title='bbox 1251 4854 1345 4898; x_wconf 84' lang='lat' dir='ltr'>resera</span> <span class='ocrx_word' id='word_1_479' title='bbox 1362 4857 1378 4896; x_wconf 89' lang='lat' dir='ltr'>a</span> <span class='ocrx_word' id='word_1_480' title='bbox 1398 4838 1512 4894; x_wconf 78' lang='lat' dir='ltr'>sicardo</span> <span class='ocrx_word' id='word_1_481' title='bbox 1524 4841 1654 4965; x_wconf 59' lang='lat' dir='ltr'>episcopo</span> <span class='ocrx_word' id='word_1_482' title='bbox 1678 4838 1780 4895; x_wconf 83' lang='lat' dir='ltr'>iaciunt</span> <span class='ocrx_word' id='word_1_483' title='bbox 1796 4853 1848 4894; x_wconf 85' lang='lat' dir='ltr'>au·</span> 
     </span>
     <span class='ocr_line' id='line_1_41' title="bbox 222 4908 1849 4983; baseline -0.002 -15"><span class='ocrx_word' id='word_1_484' title='bbox 222 4922 286 4968; x_wconf 83' lang='lat' dir='ltr'>otor</span> <span class='ocrx_word' id='word_1_485' title='bbox 305 4923 349 4966; x_wconf 88' lang='lat' dir='ltr'>est</span> <span class='ocrx_word' id='word_1_486' title='bbox 375 4914 504 4983; x_wconf 74' lang='lat' dir='ltr'>Ugitciius</span> <span class='ocrx_word' id='word_1_487' title='bbox 528 4913 555 4967; x_wconf 90' lang='lat' dir='ltr'>in</span> <span class='ocrx_word' id='word_1_488' title='bbox 571 4911 637 4968; x_wconf 86' lang='lat' dir='ltr'>itai.</span> <span class='ocrx_word' id='word_1_489' title='bbox 651 4930 720 4978; x_wconf 81' lang='lat' dir='ltr'>sac..</span> <span class='ocrx_word' id='word_1_490' title='bbox 738 4925 804 4969; x_wconf 91' lang='lat' dir='ltr'>totu.</span> <span class='ocrx_word' id='word_1_491' title='bbox 819 4910 865 4979; x_wconf 83' lang='lat' dir='ltr'>iii,</span> <span class='ocrx_word' id='word_1_492' title='bbox 879 4925 961 4982; x_wconf 89' lang='lat' dir='ltr'>atque</span> <span class='ocrx_word' id='word_1_493' title='bbox 982 4918 1123 4974; x_wconf 72' lang='lat' dir='ltr'>sirmeum</span> <span class='ocrx_word' id='word_1_494' title='bbox 1149 4911 1265 4980; x_wconf 88' lang='lat' dir='ltr'>scriptor</span> <span class='ocrx_word' id='word_1_495' title='bbox 1278 4908 1344 4966; x_wconf 72' lang='lat' dir='ltr'>vitre</span> <span class='ocrx_word' id='word_1_496' title='bbox 1360 4910 1511 4970; x_wconf 87' lang='lat' dir='ltr'>innocentii</span> <span class='ocrx_word' id='word_1_497' title='bbox 1533 4910 1566 4965; x_wconf 92' lang='lat' dir='ltr'>ii</span> <span class='ocrx_word' id='word_1_498' title='bbox 1585 4909 1721 4981; x_wconf 90' lang='lat' dir='ltr'>poutiiicis</span> <span class='ocrx_word' id='word_1_499' title='bbox 1736 4911 1849 4966; x_wconf 82' lang='lat' dir='ltr'>maximi</span> 
     </span>
     <span class='ocr_line' id='line_1_42' title="bbox 223 4979 1850 5055; baseline -0.002 -16"><span class='ocrx_word' id='word_1_500' title='bbox 223 4983 383 5048; x_wconf 87' lang='lat' dir='ltr'>adnotarat,</span> <span class='ocrx_word' id='word_1_501' title='bbox 398 5000 453 5053; x_wconf 89' lang='lat' dir='ltr'>quo</span> <span class='ocrx_word' id='word_1_502' title='bbox 468 4994 537 5039; x_wconf 85' lang='lat' dir='ltr'>teste</span> <span class='ocrx_word' id='word_1_503' title='bbox 551 4987 697 5055; x_wconf 85' lang='lat' dir='ltr'>episcopus</span> <span class='ocrx_word' id='word_1_504' title='bbox 707 4982 901 5042; x_wconf 86' lang='lat' dir='ltr'>Cremonensis</span> <span class='ocrx_word' id='word_1_505' title='bbox 916 4998 998 5042; x_wconf 87' lang='lat' dir='ltr'>cruce</span> <span class='ocrx_word' id='word_1_506' title='bbox 1018 4991 1159 5052; x_wconf 85' lang='lat' dir='ltr'>assumpto</span> <span class='ocrx_word' id='word_1_507' title='bbox 1176 4982 1203 5034; x_wconf 95' lang='lat' dir='ltr'>in</span> <span class='ocrx_word' id='word_1_508' title='bbox 1227 4979 1364 5037; x_wconf 88' lang='lat' dir='ltr'>Orientem</span> <span class='ocrx_word' id='word_1_509' title='bbox 1383 4982 1530 5053; x_wconf 77' lang='lat' dir='ltr'>nauigauit.</span> <span class='ocrx_word' id='word_1_510' title='bbox 1547 4983 1585 5037; x_wconf 80' lang='lat' dir='ltr'>dd</span> <span class='ocrx_word' id='word_1_511' title='bbox 1609 4982 1666 5036; x_wconf 80' lang='lat' dir='ltr'>brec</span> <span class='ocrx_word' id='word_1_512' title='bbox 1687 4988 1781 5036; x_wconf 83' lang='lat' dir='ltr'>narrat</span> <span class='ocrx_word' id='word_1_513' title='bbox 1804 4981 1850 5037; x_wconf 90' lang='lat' dir='ltr'>iiie</span> 
     </span>
     <span class='ocr_line' id='line_1_43' title="bbox 222 5050 1851 5138; baseline 0.001 -31"><span class='ocrx_word' id='word_1_514' title='bbox 222 5064 360 5138; x_wconf 73' lang='lat' dir='ltr'>quartum</span> <span class='ocrx_word' id='word_1_515' title='bbox 377 5055 627 5127; x_wconf 86' lang='lat' dir='ltr'>Currstautiuopoii,</span> <span class='ocrx_word' id='word_1_516' title='bbox 642 5068 699 5110; x_wconf 89' lang='lat' dir='ltr'>turn</span> <span class='ocrx_word' id='word_1_517' title='bbox 714 5059 740 5109; x_wconf 89' lang='lat' dir='ltr'>iu</span> <span class='ocrx_word' id='word_1_518' title='bbox 752 5056 882 5110; x_wconf 78' lang='lat' dir='ltr'>Armenia</span> <span class='ocrx_word' id='word_1_519' title='bbox 894 5054 1020 5125; x_wconf 77' lang='lat' dir='ltr'>gesserit,</span> <span class='ocrx_word' id='word_1_520' title='bbox 1038 5063 1069 5108; x_wconf 91' lang='lat' dir='ltr'>ut</span> <span class='ocrx_word' id='word_1_521' title='bbox 1083 5055 1195 5107; x_wconf 78' lang='lat' dir='ltr'>rismum</span> <span class='ocrx_word' id='word_1_522' title='bbox 1215 5066 1352 5123; x_wconf 60' lang='lat' dir='ltr'>mnaseas</span> <span class='ocrx_word' id='word_1_523' title='bbox 1366 5050 1509 5109; x_wconf 83' lang='lat' dir='ltr'>Sirattiutu</span> <span class='ocrx_word' id='word_1_524' title='bbox 1533 5052 1613 5125; x_wconf 87' lang='lat' dir='ltr'>piune</span> <span class='ocrx_word' id='word_1_525' title='bbox 1629 5053 1672 5109; x_wconf 85' lang='lat' dir='ltr'>iris</span> <span class='ocrx_word' id='word_1_526' title='bbox 1685 5053 1775 5109; x_wconf 84' lang='lat' dir='ltr'>sertis</span> <span class='ocrx_word' id='word_1_527' title='bbox 1788 5067 1851 5108; x_wconf 87' lang='lat' dir='ltr'>sese</span> 
     </span>
     <span class='ocr_line' id='line_1_44' title="bbox 243 5140 358 5181; baseline 0.017 -3"><span class='ocrx_word' id='word_1_528' title='bbox 243 5140 358 5181; x_wconf 83' lang='lat' dir='ltr'>rsrarsse.</span> 
     </span>
    </p>

    <p class='ocr_par' dir='ltr' id='par_1_8' title="bbox 222 5140 1851 6037">
     <span class='ocr_line' id='line_1_45' title="bbox 222 5140 1850 5266; baseline -0.001 -17"><span class='ocrx_word' id='word_1_529' title='bbox 222 5140 242 5197; x_wconf 63' lang='grc' dir='ltr'><strong>Ρ</strong></span> <span class='ocrx_word' id='word_1_530' title='bbox 261 5194 315 5250; x_wconf 75' lang='lat' dir='ltr'>Sed</span> <span class='ocrx_word' id='word_1_531' title='bbox 328 5196 401 5266; x_wconf 92' lang='lat' dir='ltr'>quod</span> <span class='ocrx_word' id='word_1_532' title='bbox 418 5212 461 5251; x_wconf 86' lang='lat' dir='ltr'>mc</span> <span class='ocrx_word' id='word_1_533' title='bbox 476 5198 505 5252; x_wconf 85' lang='grc' dir='ltr'>ἰιι</span> <span class='ocrx_word' id='word_1_534' title='bbox 516 5212 577 5252; x_wconf 89' lang='lat' dir='ltr'>earu</span> <span class='ocrx_word' id='word_1_535' title='bbox 594 5199 755 5252; x_wconf 83' lang='lat' dir='ltr'>sententiata</span> <span class='ocrx_word' id='word_1_536' title='bbox 771 5196 960 5253; x_wconf 86' lang='lat' dir='ltr'>reitemeutius</span> <span class='ocrx_word' id='word_1_537' title='bbox 975 5194 1093 5262; x_wconf 81' lang='lat' dir='ltr'>induxit,</span> <span class='ocrx_word' id='word_1_538' title='bbox 1109 5193 1284 5252; x_wconf 84' lang='lat' dir='ltr'>Guairaneus</span> <span class='ocrx_word' id='word_1_539' title='bbox 1298 5194 1332 5250; x_wconf 90' lang='lat' dir='ltr'>de</span> <span class='ocrx_word' id='word_1_540' title='bbox 1347 5195 1372 5250; x_wconf 87' lang='lat' dir='ltr'>ia</span> <span class='ocrx_word' id='word_1_541' title='bbox 1387 5195 1509 5252; x_wconf 79' lang='lat' dir='ltr'>Flamma</span> <span class='ocrx_word' id='word_1_542' title='bbox 1532 5193 1558 5248; x_wconf 90' lang='lat' dir='ltr'>in</span> <span class='ocrx_word' id='word_1_543' title='bbox 1577 5192 1715 5265; x_wconf 83' lang='lat' dir='ltr'>idnnipuio</span> <span class='ocrx_word' id='word_1_544' title='bbox 1737 5191 1850 5248; x_wconf 77' lang='lat' dir='ltr'>Florum</span> 
     </span>
     <span class='ocr_line' id='line_1_46' title="bbox 223 5263 1849 5336; baseline -0.004 -13"><span class='ocrx_word' id='word_1_545' title='bbox 223 5283 283 5323; x_wconf 89' lang='lat' dir='ltr'>noa</span> <span class='ocrx_word' id='word_1_546' title='bbox 300 5268 386 5323; x_wconf 77' lang='lat' dir='ltr'>seusei</span> <span class='ocrx_word' id='word_1_547' title='bbox 401 5266 506 5329; x_wconf 75' lang='lat' dir='ltr'>sicardi</span> <span class='ocrx_word' id='word_1_548' title='bbox 518 5269 675 5324; x_wconf 86' lang='lat' dir='ltr'>Cirrouicon</span> <span class='ocrx_word' id='word_1_549' title='bbox 689 5269 791 5323; x_wconf 86' lang='lat' dir='ltr'>iaudat.</span> <span class='ocrx_word' id='word_1_550' title='bbox 804 5267 845 5322; x_wconf 78' lang='lat' dir='ltr'>bd</span> <span class='ocrx_word' id='word_1_551' title='bbox 859 5282 962 5322; x_wconf 85' lang='lat' dir='ltr'>autrum</span> <span class='ocrx_word' id='word_1_552' title='bbox 977 5266 1032 5324; x_wconf 71' lang='lat' dir='ltr'>sbti</span> <span class='ocrx_word' id='word_1_553' title='bbox 1042 5277 1108 5322; x_wconf 88' lang='lat' dir='ltr'>sunt</span> <span class='ocrx_word' id='word_1_554' title='bbox 1120 5267 1181 5336; x_wconf 86' lang='lat' dir='ltr'>ejus</span> <span class='ocrx_word' id='word_1_555' title='bbox 1192 5267 1272 5322; x_wconf 86' lang='lat' dir='ltr'>verba</span> <span class='ocrx_word' id='word_1_556' title='bbox 1287 5284 1294 5321; x_wconf 76' lang='lat' dir='ltr'><strong>t</strong></span> <span class='ocrx_word' id='word_1_557' title='bbox 1310 5265 1373 5332; x_wconf 77' lang='lat' dir='ltr'>tite,</span> <span class='ocrx_word' id='word_1_558' title='bbox 1390 5269 1455 5322; x_wconf 90' lang='lat' dir='ltr'>idest</span> <span class='ocrx_word' id='word_1_559' title='bbox 1472 5268 1498 5319; x_wconf 89' lang='lat' dir='ltr'>in</span> <span class='ocrx_word' id='word_1_560' title='bbox 1515 5267 1567 5320; x_wconf 87' lang='lat' dir='ltr'>ista</span> <span class='ocrx_word' id='word_1_561' title='bbox 1587 5267 1693 5320; x_wconf 80' lang='lat' dir='ltr'>sinitote</span> <span class='ocrx_word' id='word_1_562' title='bbox 1716 5263 1849 5318; x_wconf 84' lang='lat' dir='ltr'>iisdioia·</span> 
     </span>
     <span class='ocr_line' id='line_1_47' title="bbox 223 5333 1849 5463; baseline -0.002 -70"><span class='ocrx_word' id='word_1_563' title='bbox 223 5338 312 5402; x_wconf 71' lang='lat' dir='ltr'>unci,</span> <span class='ocrx_word' id='word_1_564' title='bbox 336 5336 463 5409; x_wconf 77' lang='lat' dir='ltr'>Virqiiius</span> <span class='ocrx_word' id='word_1_565' title='bbox 478 5339 585 5417; x_wconf 81' lang='lat' dir='ltr'>natione</span> <span class='ocrx_word' id='word_1_566' title='bbox 600 5337 765 5393; x_wconf 74' lang='lat' dir='ltr'>Murrtaanus</span> <span class='ocrx_word' id='word_1_567' title='bbox 779 5350 868 5463; x_wconf 55' lang='lat' dir='ltr'>traam</span> <span class='ocrx_word' id='word_1_568' title='bbox 884 5337 1028 5392; x_wconf 88' lang='lat' dir='ltr'>secundum</span> <span class='ocrx_word' id='word_1_569' title='bbox 1044 5335 1187 5393; x_wconf 75' lang='lat' dir='ltr'>sicardum</span> <span class='ocrx_word' id='word_1_570' title='bbox 1201 5340 1327 5410; x_wconf 87' lang='lat' dir='ltr'>suscepit.</span> <span class='ocrx_word' id='word_1_571' title='bbox 1351 5337 1485 5394; x_wconf 80' lang='lat' dir='ltr'>i&#39;dtuissct</span> <span class='ocrx_word' id='word_1_572' title='bbox 1507 5337 1680 5392; x_wconf 80' lang='lat' dir='ltr'>Guairaueus</span> <span class='ocrx_word' id='word_1_573' title='bbox 1704 5335 1786 5405; x_wconf 85' lang='lat' dir='ltr'>irujus</span> <span class='ocrx_word' id='word_1_574' title='bbox 1809 5333 1849 5390; x_wconf 87' lang='lat' dir='ltr'>rei</span> 
     </span>
     <span class='ocr_line' id='line_1_48' title="bbox 224 5405 1849 5480; baseline -0.003 -15"><span class='ocrx_word' id='word_1_575' title='bbox 224 5419 323 5465; x_wconf 84' lang='lat' dir='ltr'>testem</span> <span class='ocrx_word' id='word_1_576' title='bbox 338 5409 436 5466; x_wconf 80' lang='lat' dir='ltr'>aiicrre</span> <span class='ocrx_word' id='word_1_577' title='bbox 447 5409 556 5464; x_wconf 82' lang='lat' dir='ltr'>Casobri</span> <span class='ocrx_word' id='word_1_578' title='bbox 570 5410 724 5465; x_wconf 83' lang='lat' dir='ltr'>Cimonisou</span> <span class='ocrx_word' id='word_1_579' title='bbox 739 5426 755 5464; x_wconf 90' lang='lat' dir='ltr'>a</span> <span class='ocrx_word' id='word_1_580' title='bbox 769 5408 797 5465; x_wconf 87' lang='lat' dir='ltr'>S.</span> <span class='ocrx_word' id='word_1_581' title='bbox 831 5413 971 5480; x_wconf 82' lang='lat' dir='ltr'>ieronymo</span> <span class='ocrx_word' id='word_1_582' title='bbox 985 5406 1133 5466; x_wconf 85' lang='lat' dir='ltr'>Latinitate</span> <span class='ocrx_word' id='word_1_583' title='bbox 1146 5409 1313 5475; x_wconf 87' lang='lat' dir='ltr'>donatum,a</span> <span class='ocrx_word' id='word_1_584' title='bbox 1327 5424 1382 5479; x_wconf 89' lang='lat' dir='ltr'>quo</span> <span class='ocrx_word' id='word_1_585' title='bbox 1395 5411 1451 5464; x_wconf 81' lang='lat' dir='ltr'>inec</span> <span class='ocrx_word' id='word_1_586' title='bbox 1466 5405 1596 5463; x_wconf 86' lang='lat' dir='ltr'>Sicnrdus</span> <span class='ocrx_word' id='word_1_587' title='bbox 1606 5409 1737 5476; x_wconf 82' lang='lat' dir='ltr'>sumpsit;</span> <span class='ocrx_word' id='word_1_588' title='bbox 1752 5419 1849 5460; x_wconf 83' lang='lat' dir='ltr'>rerum</span> 
     </span>
     <span class='ocr_line' id='line_1_49' title="bbox 224 5478 1848 5602; baseline -0.003 -67"><span class='ocrx_word' id='word_1_589' title='bbox 224 5489 271 5535; x_wconf 83' lang='lat' dir='ltr'>sat</span> <span class='ocrx_word' id='word_1_590' title='bbox 288 5480 327 5534; x_wconf 91' lang='lat' dir='ltr'>iiii</span> <span class='ocrx_word' id='word_1_591' title='bbox 348 5481 410 5546; x_wconf 88' lang='lat' dir='ltr'>iuit,</span> <span class='ocrx_word' id='word_1_592' title='bbox 433 5482 620 5537; x_wconf 86' lang='lat' dir='ltr'>rctrtstissimo</span> <span class='ocrx_word' id='word_1_593' title='bbox 642 5482 776 5551; x_wconf 84' lang='lat' dir='ltr'>scriptore</span> <span class='ocrx_word' id='word_1_594' title='bbox 798 5479 925 5545; x_wconf 83' lang='lat' dir='ltr'>dimisso,</span> <span class='ocrx_word' id='word_1_595' title='bbox 941 5478 1086 5536; x_wconf 83' lang='lat' dir='ltr'>sicardum</span> <span class='ocrx_word' id='word_1_596' title='bbox 1103 5490 1237 5536; x_wconf 83' lang='lat' dir='ltr'>recentem</span> <span class='ocrx_word' id='word_1_597' title='bbox 1254 5495 1481 5542; x_wconf 78' lang='lat' dir='ltr'>cortrnrcruoturc.</span> <span class='ocrx_word' id='word_1_598' title='bbox 1502 5496 1517 5533; x_wconf 86' lang='lat' dir='ltr'>a</span> <span class='ocrx_word' id='word_1_599' title='bbox 1525 5493 1588 5602; x_wconf 62' lang='lat' dir='ltr'>ffm</span> <span class='ocrx_word' id='word_1_600' title='bbox 1601 5492 1697 5532; x_wconf 86' lang='lat' dir='ltr'>reretu</span> <span class='ocrx_word' id='word_1_601' title='bbox 1712 5478 1848 5558; x_wconf 35' lang='lat' dir='ltr'>iraec&#39;pro-</span> 
     </span>
     <span class='ocr_line' id='line_1_50' title="bbox 224 5545 1849 5622; baseline -0.003 -18"><span class='ocrx_word' id='word_1_602' title='bbox 224 5553 332 5605; x_wconf 90' lang='lat' dir='ltr'>duntur</span> <span class='ocrx_word' id='word_1_603' title='bbox 343 5568 405 5622; x_wconf 87' lang='lat' dir='ltr'>cap.</span> <span class='ocrx_word' id='word_1_604' title='bbox 424 5555 447 5606; x_wconf 92' lang='lat' dir='ltr'>i.</span> <span class='ocrx_word' id='word_1_605' title='bbox 464 5551 570 5607; x_wconf 79' lang='lat' dir='ltr'>Rtrrsus</span> <span class='ocrx_word' id='word_1_606' title='bbox 582 5554 654 5609; x_wconf 89' lang='lat' dir='ltr'>idem</span> <span class='ocrx_word' id='word_1_607' title='bbox 670 5551 825 5607; x_wconf 84' lang='lat' dir='ltr'>Guirartcus</span> <span class='ocrx_word' id='word_1_608' title='bbox 840 5566 902 5622; x_wconf 86' lang='lat' dir='ltr'>cap.</span> <span class='ocrx_word' id='word_1_609' title='bbox 918 5551 953 5606; x_wconf 75' lang='lat' dir='ltr'>bi</span> <span class='ocrx_word' id='word_1_610' title='bbox 964 5560 1124 5618; x_wconf 82' lang='lat' dir='ltr'>auctorest,</span> <span class='ocrx_word' id='word_1_611' title='bbox 1138 5551 1333 5607; x_wconf 83' lang='lat' dir='ltr'>iiasirrrianum</span> <span class='ocrx_word' id='word_1_612' title='bbox 1348 5550 1501 5618; x_wconf 70' lang='lat' dir='ltr'>Augustum</span> <span class='ocrx_word' id='word_1_613' title='bbox 1554 5548 1670 5603; x_wconf 87' lang='lat' dir='ltr'>ediciani</span> <span class='ocrx_word' id='word_1_614' title='bbox 1683 5545 1849 5619; x_wconf 83' lang='lat' dir='ltr'>impermistis</span> 
     </span>
     <span class='ocr_line' id='line_1_51' title="bbox 224 5617 1850 5693; baseline -0.003 -17"><span class='ocrx_word' id='word_1_615' title='bbox 224 5637 375 5693; x_wconf 74' lang='lat' dir='ltr'>purpuram</span> <span class='ocrx_word' id='word_1_616' title='bbox 387 5624 540 5693; x_wconf 87' lang='lat' dir='ltr'>deposuisse</span> <span class='ocrx_word' id='word_1_617' title='bbox 562 5624 706 5679; x_wconf 88' lang='lat' dir='ltr'>secundam</span> <span class='ocrx_word' id='word_1_618' title='bbox 722 5622 874 5677; x_wconf 87' lang='lat' dir='ltr'>Sicurdant.</span> <span class='ocrx_word' id='word_1_619' title='bbox 891 5620 992 5678; x_wconf 84' lang='lat' dir='ltr'>Eadem</span> <span class='ocrx_word' id='word_1_620' title='bbox 1005 5622 1118 5679; x_wconf 80' lang='lat' dir='ltr'>exbibet</span> <span class='ocrx_word' id='word_1_621' title='bbox 1140 5633 1168 5677; x_wconf 89' lang='lat' dir='ltr'>et</span> <span class='ocrx_word' id='word_1_622' title='bbox 1191 5621 1348 5678; x_wconf 87' lang='lat' dir='ltr'>Cirrcuicou</span> <span class='ocrx_word' id='word_1_623' title='bbox 1372 5621 1496 5676; x_wconf 83' lang='lat' dir='ltr'>Estcttse.</span> <span class='ocrx_word' id='word_1_624' title='bbox 1523 5619 1563 5672; x_wconf 81' lang='lat' dir='ltr'>tid</span> <span class='ocrx_word' id='word_1_625' title='bbox 1590 5619 1648 5673; x_wconf 79' lang='lat' dir='ltr'>brec</span> <span class='ocrx_word' id='word_1_626' title='bbox 1674 5617 1850 5674; x_wconf 83' lang='lat' dir='ltr'>Cuairsneus</span> 
     </span>
     <span class='ocr_line' id='line_1_52' title="bbox 224 5688 1849 5765; baseline -0.006 -16"><span class='ocrx_word' id='word_1_627' title='bbox 224 5707 290 5763; x_wconf 82' lang='lat' dir='ltr'>cap.</span> <span class='ocrx_word' id='word_1_628' title='bbox 304 5693 344 5750; x_wconf 75' lang='grc'>111</span> <span class='ocrx_word' id='word_1_629' title='bbox 353 5693 475 5765; x_wconf 79' lang='lat' dir='ltr'>ejusaem</span> <span class='ocrx_word' id='word_1_630' title='bbox 492 5695 623 5763; x_wconf 85' lang='lat' dir='ltr'>iiauipuii</span> <span class='ocrx_word' id='word_1_631' title='bbox 637 5694 731 5751; x_wconf 88' lang='lat' dir='ltr'>scribit</span> <span class='ocrx_word' id='word_1_632' title='bbox 747 5713 754 5748; x_wconf 90' lang='lat'>:</span> <span class='ocrx_word' id='word_1_633' title='bbox 770 5693 826 5749; x_wconf 89' lang='lat' dir='ltr'>isto</span> <span class='ocrx_word' id='word_1_634' title='bbox 838 5700 952 5762; x_wconf 85' lang='lat' dir='ltr'>tempore</span> <span class='ocrx_word' id='word_1_635' title='bbox 964 5695 1015 5765; x_wconf 70' lang='lat' dir='ltr'>[uit</span> <span class='ocrx_word' id='word_1_636' title='bbox 1030 5692 1127 5749; x_wconf 78' lang='lat' dir='ltr'>bebium</span> <span class='ocrx_word' id='word_1_637' title='bbox 1143 5694 1174 5746; x_wconf 88' lang='lat' dir='ltr'>de</span> <span class='ocrx_word' id='word_1_638' title='bbox 1188 5692 1311 5758; x_wconf 89' lang='lat' dir='ltr'>iiiooita,·</span> <span class='ocrx_word' id='word_1_639' title='bbox 1324 5694 1416 5763; x_wconf 79' lang='lat' dir='ltr'>etipsa</span> <span class='ocrx_word' id='word_1_640' title='bbox 1430 5700 1543 5760; x_wconf 85' lang='lat' dir='ltr'>tempore</span> <span class='ocrx_word' id='word_1_641' title='bbox 1552 5689 1696 5745; x_wconf 86' lang='lat' dir='ltr'>secundum</span> <span class='ocrx_word' id='word_1_642' title='bbox 1706 5688 1849 5746; x_wconf 89' lang='lat' dir='ltr'>Sicardtnrt</span> 
     </span>
     <span class='ocr_line' id='line_1_53' title="bbox 223 5757 1851 5838; baseline -0.004 -20"><span class='ocrx_word' id='word_1_643' title='bbox 223 5763 302 5834; x_wconf 76' lang='lat' dir='ltr'>apae</span> <span class='ocrx_word' id='word_1_644' title='bbox 311 5763 433 5821; x_wconf 86' lang='lat' dir='ltr'>Cremarn</span> <span class='ocrx_word' id='word_1_645' title='bbox 447 5774 517 5820; x_wconf 90' lang='lat' dir='ltr'>totus</span> <span class='ocrx_word' id='word_1_646' title='bbox 534 5767 646 5836; x_wconf 85' lang='lat' dir='ltr'>popuius</span> <span class='ocrx_word' id='word_1_647' title='bbox 664 5765 848 5821; x_wconf 88' lang='lat' dir='ltr'>Cremonensis</span> <span class='ocrx_word' id='word_1_648' title='bbox 863 5764 959 5821; x_wconf 86' lang='lat' dir='ltr'>dactus</span> <span class='ocrx_word' id='word_1_649' title='bbox 980 5765 1032 5838; x_wconf 74' lang='lat' dir='ltr'>tuis</span> <span class='ocrx_word' id='word_1_650' title='bbox 1055 5763 1238 5820; x_wconf 81' lang='lat' dir='ltr'>biedioianans</span> <span class='ocrx_word' id='word_1_651' title='bbox 1258 5765 1286 5819; x_wconf 90' lang='lat' dir='ltr'>in</span> <span class='ocrx_word' id='word_1_652' title='bbox 1310 5761 1471 5818; x_wconf 73' lang='lat' dir='ltr'>carceribus.</span> <span class='ocrx_word' id='word_1_653' title='bbox 1488 5759 1657 5816; x_wconf 83' lang='lat' dir='ltr'>Exiribeutur</span> <span class='ocrx_word' id='word_1_654' title='bbox 1675 5762 1733 5817; x_wconf 78' lang='lat' dir='ltr'>baec</span> <span class='ocrx_word' id='word_1_655' title='bbox 1747 5761 1805 5830; x_wconf 84' lang='lat' dir='ltr'>ipsa</span> <span class='ocrx_word' id='word_1_656' title='bbox 1821 5757 1851 5812; x_wconf 88' lang='lat' dir='ltr'>in</span> 
     </span>
     <span class='ocr_line' id='line_1_54' title="bbox 222 5829 1849 5910; baseline -0.007 -17"><span class='ocrx_word' id='word_1_657' title='bbox 222 5835 368 5893; x_wconf 81' lang='lat' dir='ltr'>coronica</span> <span class='ocrx_word' id='word_1_658' title='bbox 384 5846 480 5892; x_wconf 88' lang='lat' dir='ltr'>nostro</span> <span class='ocrx_word' id='word_1_659' title='bbox 496 5839 530 5892; x_wconf 87' lang='lat' dir='ltr'>ad</span> <span class='ocrx_word' id='word_1_660' title='bbox 544 5852 646 5892; x_wconf 78' lang='lat' dir='ltr'>asinum</span> <span class='ocrx_word' id='word_1_661' title='bbox 663 5837 742 5892; x_wconf 68' lang='lat' dir='ltr'>tint.</span> <span class='ocrx_word' id='word_1_662' title='bbox 756 5837 890 5907; x_wconf 84' lang='lat' dir='ltr'>Denique,</span> <span class='ocrx_word' id='word_1_663' title='bbox 902 5846 932 5891; x_wconf 90' lang='lat' dir='ltr'>ut</span> <span class='ocrx_word' id='word_1_664' title='bbox 944 5836 996 5890; x_wconf 86' lang='lat' dir='ltr'>aiia</span> <span class='ocrx_word' id='word_1_665' title='bbox 1013 5838 1071 5893; x_wconf 89' lang='lat' dir='ltr'>ioca</span> <span class='ocrx_word' id='word_1_666' title='bbox 1089 5837 1304 5909; x_wconf 75' lang='lat' dir='ltr'>pretermittam,</span> <span class='ocrx_word' id='word_1_667' title='bbox 1317 5833 1492 5890; x_wconf 83' lang='lat' dir='ltr'>Cuairaneus</span> <span class='ocrx_word' id='word_1_668' title='bbox 1511 5847 1572 5902; x_wconf 87' lang='lat' dir='ltr'>cap.</span> <span class='ocrx_word' id='word_1_669' title='bbox 1593 5831 1648 5887; x_wconf 71' lang='lat' dir='ltr'>etto</span> <span class='ocrx_word' id='word_1_670' title='bbox 1660 5829 1849 5910; x_wconf 82' lang='lat' dir='ltr'>iiediuiatreu·</span> 
     </span>
     <span class='ocr_line' id='line_1_55' title="bbox 224 5895 1850 6037; baseline -0.007 -2"><span class='ocrx_word' id='word_1_671' title='bbox 224 5895 1850 6037; x_wconf 57' lang='grc' dir='ltr'>111111111111111·111111ιιιι111111111111·1111111111111ιί111111·</span> 
     </span>
    </p>

    <p class='ocr_par' dir='ltr' id='par_1_9' title="bbox 224 5993 1856 6124">
     <span class='ocr_line' id='line_1_56' title="bbox 343 6007 1850 6044; baseline 0.006 -10"><span class='ocrx_word' id='word_1_672' title='bbox 343 6019 350 6034; x_wconf 92' lang='lat'><strong>.</strong></span> <span class='ocrx_word' id='word_1_673' title='bbox 636 6021 643 6044; x_wconf 93' lang='lat'>,</span> <span class='ocrx_word' id='word_1_674' title='bbox 1800 6033 1805 6043; x_wconf 88' lang='lat'>.</span> <span class='ocrx_word' id='word_1_675' title='bbox 1839 6007 1850 6036; x_wconf 79' lang='grc' dir='ltr'>ι</span> 
     </span>
     <span class='ocr_line' id='line_1_57' title="bbox 224 5993 1856 6124; baseline -0.005 -19"><span class='ocrx_word' id='word_1_676' title='bbox 224 6052 275 6124; x_wconf 85' lang='lat' dir='ltr'>qai</span> <span class='ocrx_word' id='word_1_677' title='bbox 290 6064 425 6122; x_wconf 85' lang='lat' dir='ltr'>pauperes</span> <span class='ocrx_word' id='word_1_678' title='bbox 441 6050 502 6108; x_wconf 79' lang='lat' dir='ltr'>iecit</span> <span class='ocrx_word' id='word_1_679' title='bbox 519 5993 790 6119; x_wconf 44' lang='lat' dir='ltr'>iiedioiaubncesffet</span> <span class='ocrx_word' id='word_1_680' title='bbox 804 6049 885 6104; x_wconf 88' lang='lat' dir='ltr'>ruodo</span> <span class='ocrx_word' id='word_1_681' title='bbox 898 6048 1004 6116; x_wconf 86' lang='lat' dir='ltr'>ditarit,</span> <span class='ocrx_word' id='word_1_682' title='bbox 1025 6048 1174 6121; x_wconf 85' lang='lat' dir='ltr'>superbam</span> <span class='ocrx_word' id='word_1_683' title='bbox 1194 6017 1381 6120; x_wconf 70' lang='lat' dir='ltr'>deponbusde</span> <span class='ocrx_word' id='word_1_684' title='bbox 1405 6046 1478 6114; x_wconf 84' lang='lat' dir='ltr'>scde.</span> <span class='ocrx_word' id='word_1_685' title='bbox 1496 6065 1508 6100; x_wconf 88' lang='grc' dir='ltr'>ι</span> <span class='ocrx_word' id='word_1_686' title='bbox 1531 6018 1630 6103; x_wconf 70' lang='lat' dir='ltr'>Earibm</span> <span class='ocrx_word' id='word_1_687' title='bbox 1647 6046 1729 6104; x_wconf 77' lang='lat' dir='ltr'>rerba</span> <span class='ocrx_word' id='word_1_688' title='bbox 1755 6039 1856 6114; x_wconf 79' lang='lat' dir='ltr'>repetit</span> 
     </span>
    </p>
   </div>
   <div class='ocr_carea' id='block_1_6' title="bbox 0 0 2194 6708">
    <p class='ocr_par' dir='ltr' id='par_1_10' title="bbox 0 0 2194 6708">
     <span class='ocr_line' id='line_1_58' title="bbox 0 0 2194 6708; baseline 0 0"><span class='ocrx_word' id='word_1_689' title='bbox 0 0 2194 6708; x_wconf 95' lang='lat' dir='ltr'> </span> 
     </span>
    </p>
   </div>
  </div>
 </body>
</html>
