4350 6709
259 563 316 621 951
907 556 1023 615 hdotts
1041 557 1244 614 Phscttnhts.
1689 584 1695 613 r
1829 565 1884 623 958
1995 557 1997 561 ’

300 674 379 730 Tunc
409 689 456 728 rer
482 673 594 728 sonions
619 671 652 726 ad
678 669 805 725 thronum
821 667 997 734 Gentilitntis,
1022 676 1087 732 ets.
1134 669 1211 725 'luno
1221 670 1372 728 venientem
1383 673 1497 744 suscipit
1510 674 1678 748 Synngognm
1691 678 1802 749 signans
1811 691 1882 744 earu,

262 764 378 820 mittens
390 764 509 834 legatum
521 761 555 816 ad
569 775 660 831 regem
677 758 834 830 Babylonis,
849 767 941 814 cantat
956 774 1050 814 corum
1101 772 1128 820 et
1141 763 1235 821 dicens
1250 785 1256 819 :

262 871 318 912 eo:
1137 858 1190 912 Per
1203 876 1243 914 me
1257 859 1376 930 epredere
1389 872 1484 917 rectem
1496 864 1657 933 confusionis
1674 881 1684 920 .·

338 947 463 1003 Potestas
477 946 584 1000 domini
600 952 704 998 moneat
717 945 744 998 in
755 953 892 1009 aternum,
1138 949 1195 1004 Tibi
1206 952 1316 1005 restituo
1330 966 1428 1007 terram
1443 956 1639 1023 promissionis.

339 1042 406 1110 Qua
419 1038 558 1094 adoranda
571 1047 610 1092 est
619 1037 698 1107 quasi
709 1054 804 1091 numen
819 1038 1014 1107 sempiternum.
1137 1039 1171 1095 ln
1189 1050 1234 1096 tuo
1245 1042 1342 1098 lumine
1352 1060 1383 1098 en
1401 1054 1488 1115 pentes
1508 1046 1656 1113 ambulant,

339 1133 502 1190 condemnat
511 1130 614 1201 penitus
627 1129 759 1182 culturom
770 1127 912 1193 idolorum,
1138 1130 1173 1184 Et
1191 1130 1238 1185 sub
1253 1135 1324 1200 pacis
1335 1143 1387 1188 tuo’
1402 1135 1455 1204 leps
1469 1152 1540 1206 repes
1555 1148 1674 1207 repnant.

339 1222 462 1292 Precipit
477 1221 557 1288 abjici
571 1220 638 1273 ritus
657 1217 872 1276 simulacrorum.
1137 1222 1215 1279 Tunc
1234 1223 1375 1298 Synngoga
1399 1227 1542 1292 redeunte,
1558 1230 1661 1285 intrant
1686 1232 1826 1304 prophelae
1844 1233 1888 1290 di·

302 1316 381 1371 Tunc
395 1315 541 1371 Gentilitns
552 1312 586 1366 ad
600 1312 735 1383 legatum:
1102 1323 1196 1371 centes
1211 1334 1219 1371 r
1436 1318 1440 1327 '

339 1409 434 1463 Finxit
445 1405 544 1461 inuita
560 1404 628 1459 truc
639 1404 862 1474 sinputars'mtem,
1145 1403 1256 1459 Verbum
1271 1405 1362 1460 Patris
1381 1406 1479 1462 babens
1490 1408 1654 1466 dirimentem

340 1500 374 1555 llt
390 1516 470 1554 uuam
484 1498 578 1552 coleret
593 1496 670 1551 homo
685 1496 865 1552 diuinitatem.
1139 1493 1174 1548 In
1186 1496 1283 1566 strplne
1299 1499 1411 1567 wml’tl'l
1425 1499 1627 1567 blffllbblsslssm·

339 1590 390 1645 me
403 1589 463 1660 jure
473 1587 545 1642 Deus
557 1586 668 1655 rupidus
684 1587 842 1653 estimatur,
1138 1586 1249 1642 iianens
1260 1587 1331 1644 Drus
1346 1589 1453 1658 effectus
1470 1599 1509 1646 cst
1521 1594 1656 1662 mortalis,

339 1681 392 1749 Qui
409 1679 550 1749 specialius
564 1678 666 1733 coeteris
681 1678 736 1732 uult
752 1689 781 1732 ut
797 1680 869 1735 solus
883 1680 996 1746 colatur,
1138 1675 1245 1747 Semper
1261 1677 1331 1733 Deus
1346 1679 1434 1750 [octus
1448 1691 1488 1736 est
1502 1685 1663 1753 temporalis.
1676 1753 1677 1757 Ἰ

340 1770 397 1826 Nos
409 1772 490 1842 ipitur
499 1771 633 1842 morimur
644 1773 724 1827 ritum
737 1773 923 1844 antiquitatis:
1142 1768 1203 1824 Ntm
1218 1780 1321 1826 ultim
1335 1789 1385 1828 ΜΒ
1396 1775 1434 1828 st'c
1448 1785 1560 1831 testante

341 1864 399 1917 orn
415 1862 719 1919 abrenuntiaremus
734 1865 857 1921 aetram.
1141 1859 1312 1932 lloc'parmm
1323 1874 1372 1929 eu,
1385 1866 1430 1920 sel
1442 1866 1496 1922 beo
1509 1880 1641 1937 onerante·

304 1955 383 2010 Tune
397 1956 510 2011 numius
524 1975 531 2011 2
1143 1949 1272 2005 Nostram
1288 1954 1400 2024 sumpsit
1412 1956 1606 2026 infirmitatem,

342 2046 415 2101 Unus
426 2057 465 2102 est
479 2047 616 2114 Dominus,
636 2066 711 2120 quem
723 2050 785 2120 iure
794 2067 958 2112 veneramur.
1142 2041 1176 2097 Ui
1188 2045 1302 2113 illvm-⁸¹⁸
1315 2046 1444 2115 ‘'Olim‘'
1461 2050 1626 2119 blml'l‘lllm·

303 2139 337 2195 Et
351 2140 484 2211 dejiciens
498 2142 676 2197 simulacrum
695 2150 807 2200 cuntot:
1141 2131 1218 2188 Hm
1226 2132 1315 2190 imi
1327 2138 1465 2192 'illimem
1478 2151 1661 2212 wilwimus

341 2231 448 2289 ΗΜ
460 2232 632 2291 mmmm·
1142 2224 1322 2281 Immortalem
1334 2244 1410 2298 quem
1423 2247 1478 2285 esse
1489 2233 1645 2288 nescierunt.

1141 2315 1198 2372 blec
1211 2321 1336 2385 sermoni,
1352 2337 1398 2375 uec
1414 2324 1495 2394 sipnis
1509 2324 1656 2390 credidere,·

1141 2406 1196 2463 Sub
1213 2408 1304 2466 Pilato
1315 2408 1449 2467 Christum
1461 2417 1625 2486 crucifixere.

1142 2500 1280 2556 biariendo
1293 2513 1402 2558 mortem
1423 2508 1602 2576 mortificabit,

1142 2592 1164 2645 A
1183 2592 1298 2663 pedenna
1313 2593 1445 2650 credentes
1462 2596 1591 2657 liberarit.

1145 2681 1195 2737 ilic
1206 2686 1323 2739 surrexit
1337 2703 1394 2741 scre
1408 2704 1460 2741 non
1471 2668 1627 2756 moriburrts,
1740 2683 1745 2694 ⁴

1141 2771 1240 2844 Repnat
1256 2791 1356 2845 semper
1368 2777 1395 2830 in
1405 2779 1527 2846 prosimu
1541 2791 1675 2838 venturus.
1737 2774 1741 2783 “

1143 2860 1195 2915 liic
1212 2865 1338 2919 saeculnm
1351 2882 1397 2935 per
1408 2867 1492 2937 ipnem
1499 2867 1643 2937 judicabit,

1145 2951 1284 3010 Universos
1300 2957 1326 3010 iu
1341 2974 1420 3013 carne
1434 2960 1584 3026 suscitabit,

1141 3045 1164 3098 Α
1179 3045 1295 3115 reprobis
1314 3047 1453 3105 salvandos
1468 3051 1610 3121 separabit,

308 3150 433 3205 Omnium
447 3159 571 3224 rectorem
586 3159 611 3204 ts
624 3123 709 3206 solum
722 3152 887 3221 profitemur,
1142 3136 1230 3193 biolos
1249 3140 1392 3207 damnans,
1412 3142 1492 3199 banos
1507 3145 1678 3218 alorificobit.

309 3240 368 3295 Tibi
382 3249 532 3296 solamente
546 3257 646 3311 semper
660 3245 839 3312 obsequemur.
1147 3229 1220 3288 teroe
1231 3233 1304 3288 scitis
1317 3234 1380 3306 quid
1395 3234 1538 3305 Scriptura
1548 3239 1700 3309 loquamur,
1769 3231 1770 3234 '

305 2369 402 2424 Stntim
425 2370 539 2441 gentiles
563 2380 785 2437 consummet
807 2375 965 2445 proeliantur
987 2395 1050 2436 eum

268 2461 392 2517 exercitu
412 2459 585 2515 Antichristi.
615 2459 648 2514 Et
674 2471 887 2545 superatus'rex
908 2466 1054 2541 Babylonis

268 2553 380 2608 ducitur
395 2551 519 2621 captivus
538 2551 572 2606 ud
583 2550 792 2615 Antichristum.
809 2552 886 2612 Tunc
907 2572 966 2624 rex,
981 2575 1053 2629 genu

268 2643 350 2709 dexo,
364 2641 577 2698 ollertooronnnr
592 2642 771 2710 Antichristo,
788 2645 882 2703 dicens
899 2648 978 2705 :Tibi
989 2665 1053 2719 pro·

269 2737 359 2806 plear,
369 2742 423 2790 etc.
443 2733 521 2790 'l'uue
533 2733 718 2792 Antichristus
733 2736 844 2808 signans
858 2755 932 2806 eum,
947 2749 975 2797 et
988 2758 1053 2798 suos

270 2829 300 2883 in
316 2828 462 2890 frontibus,
478 2835 505 2883 et
519 2827 661 2897 imponens
674 2842 804 2885 coronam
819 2831 843 2886 ε’
855 2825 948 2887 osrrtnt
964 2851 971 2889 :
993 2833 1054 2889 l'ire

269 2938 318 2992 per
330 2922 456 2993 proriam,
471 2929 524 2975 etc.
541 2917 639 2974 Statim
651 2919 764 2978 redeunt
779 2921 813 2978 ad
827 2923 906 2983 sedes
919 2939 983 2981 suas
995 2941 1054 2982 onr-

270 3028 322 3069 nes
336 3019 476 3069 cantantes
489 3032 497 3068 s

308 3332 385 3389 'lunc
396 3332 580 3390 Antichristus
589 3333 708 3405 dirigens
721 3333 877 3405 hypocritas
890 3337 923 3392 ad
934 3335 1055 3413 Spnrgo·
1070 3375 1092 3431 c
1148 3321 1235 3378 &⁰03¹
1250 3326 1346 3393 bitum·
1362 3337 1387 3382 et
1404 3328 1491 3384 Elium
1510 3339 1649 3387 testantur.

271 3438 334 3495 prm
349 3428 464 3477 mutat:
1109 3412 1188 3469 Tunc
1203 3412 1344 3490 Synngogn
1357 3439 1379 3499 :¹

306 3510 324 3566 l
327 3511 410 3567 udoeis
427 3512 507 3567 dicite
520 3510 648 3568 blessiam
661 3512 807 3584 aduenisse,
1145 3503 1258 3562 Ubinam
1273 3512 1355 3565 sunt?

309 3604 344 3659 Et
359 3621 400 3659 me
415 3606 442 3660 in
454 3603 574 3676 pentibus
593 3605 721 3661 tributum
738 3610 876 3678 accepisse.
1108 3595 1171 3655 ilii:

307 3693 410 3753 ludais
421 3695 499 3751 dicite
514 3711 524 3750 .·
540 3696 582 3751 lin
597 3715 643 3769 epo
657 3715 715 3753 sum
728 3699 852 3767 blessias,
1396 3692 1423 3747 Ν
1425 3711 1453 3749 ⁰⁸
1465 3711 1555 3751 lumi
1569 3711 1636 3762 vm,

308 3786 366 3859 Epo
380 3805 438 3843 sum
449 3791 596 3858 promissus
614 3791 653 3846 eis
666 3807 713 3861 per
729 3793 892 3863 prophetias.
1147 3781 1180 3836 lu
1195 3798 1259 3853 quos
1275 3783 1341 3852 fines
1354 3785 1513 3839 soculorum
1527 3783 1657 3846 devenere.

273 3879 352 3937 'lunc
366 3883 514 3954 hypocritae
528 3884 563 3939 ad
578 3882 750 3955 synagogam
766 3904 774 3942 ι
1144 3872 1201 3928 1⁸¹³
1212 3874 1313 3940 Emit·
1327 3884 1351 3930 ‘l
1364 3893 1411 3946 ⁶9⁰
1427 3876 1591 3948 llmssibtss·

309 3974 415 4046 Repulis
427 3977 528 4047 poneris
542 3992 604 4047 pens
617 3985 657 4032 est
668 3977 820 4045 peculiaris,

310 4067 413 4123 Fidelis
429 4067 541 4136 populus
554 4064 649 4137 ubique
663 4066 829 4137 praedicaris.

310 4157 365 4212 Pro
384 4158 481 4212 tuenda
492 4158 545 4228 lepe
555 4156 715 4228 jamdudum
728 4158 866 4225 exsulasti,
904 4198 907 4205 .

308 4252 409 4306 Procul
423 4269 439 4305 a
451 4252 540 4318 patria
553 4248 679 4319 blessiam
690 4252 857 4320 exspectasti.
903 4241 906 4246 ’

310 4344 376 4400 llaec
392 4344 550 4414 exspect-etio
563 4340 653 4398 reddet
666 4342 867 4399 hereditatem:

307 4437 433 4493 iucunda
444 4438 546 4492 nouitas
560 4435 673 4490 mutabit
687 4445 851 4494 uetustatem.

310 4532 378 4587 Ecce
392 4530 545 4602 mysterium
563 4538 615 4583 tuoe
626 4527 832 4599 redemptionis:
903 4556 905 4561 .

309 4623 365 4678 lies
379 4623 447 4678 enim
461 4631 589 4677 natusest
603 4629 697 4676 auctor
710 4622 855 4691 sclipionis.
946 4617 949 4623 ’

1144 3967 1216 4034 Quos
1231 3966 1362 4037 tuomque
1372 3978 1521 4035 servaverat
1531 3967 1655 4034 ilersias,

1144 4060 1196 4127 Qui
1206 4062 1266 4133 jans
1280 4063 1359 4127 senil,
1373 4073 1398 4118 et
1414 4063 1500 4118 adhuc
1512 4073 1551 4119 est
1567 4074 1700 4129 tenturus,

1145 4155 1198 4210 Per
1213 4172 1261 4210 nos
1273 4156 1387 4225 primum
1403 4155 1489 4212 lsrael
1507 4154 1698 4226 redempturus.

1144 4249 1212 4304 Ecce
1225 4251 1293 4304 renit
1307 4250 1384 4305 homo
1395 4251 1561 4321 perditionis,
1672 4310 1675 4315 ,

1144 4340 1249 4413 llapna
1261 4357 1445 4396 consummans
1457 4359 1545 4398 muros
1558 4328 1702 4413 Babylonis
1716 4355 1726 4394 .·

1115 4452 1119 4459 ·
1145 4431 1208 4486 Non
1224 4439 1263 4486 est
1275 4430 1410 4489 Christus.

1049 4600 1051 4604 Ι
1145 4522 1223 4578 Tune
1237 4522 1335 4578 tollunt
1349 4523 1375 4578 oi
1391 4523 1492 4578 uelum.
1509 4520 1607 4578 Statim
1623 4521 1766 4596 synagoga
1779 4537 1894 4579 conver·

1110 4623 1180 4677 titur
1195 4623 1230 4678 ud
1241 4622 1323 4678 verbu
1340 4622 1536 4693 prophetarum
1550 4623 1666 4678 dicens:

310 4715 362 4770 liic
375 4725 414 4770 est
428 4713 594 4777 Emmanuel,
608 4729 684 4784 quem
694 4722 823 4768 testantur
833 4714 988 4784 Scriptura,
1077 4715 1100 4768 Ι)
1148 4712 1256 4768 seducti
1271 4728 1362 4767 sumus
1374 4727 1432 4767 rere
1445 4726 1491 4780 per
1501 4711 1704 4778 Antichristum,

311 4807 365 4861 Per
377 4808 452 4876 cujus
463 4805 578 4876 proriam
589 4815 618 4858 tu
633 4803 753 4876 repnabis
766 4821 867 4873 secure,
946 4864 948 4868 ,

311 4899 405 4955 Erexit
423 4896 544 4962 humiles,
556 4903 580 4951 et
592 4894 715 4965 superbos
725 4896 830 4966 dejecit,

310 4991 436 5046 Potentes
447 4988 536 5044 omnia
546 4987 594 5042 sub
607 4985 714 5061 pedibus
727 4987 847 5057 subjecit.
911 5023 917 5037 .

314 5080 407 5152 Surpe,
422 5079 583 5145 Jerusalem,
596 5079 865 5151 surpe,.illuminorc,

312 5175 423 5244 Captira
437 5173 483 5228 diu
497 5172 647 5245 Spnapopa,
660 5173 759 5228 latore.

276 5266 356 5323 Tunc
371 5265 514 5338 synagoga
531 5286 538 5323 ι
759 5273 761 5276 ’

316 5361 380 5415 ilarc
394 5359 540 5415 consolatio
554 5360 649 5416 divina
665 5359 790 5414 bonitatis

312 5452 442 5508 Laborem
455 5454 559 5522 respicit
572 5463 669 5508 nostro:
682 5451 852 5522 captiuitatis.

314 5545 416 5600 Eamus
435 5545 517 5615 ipitur
530 5541 632 5598 obuium
650 5540 795 5605 Salinatori,
901 5566 904 5571 ·

315 5638 430 5710 mquam
443 5646 483 5692 est
497 5635 603 5691 reddere
613 5635 727 5707 pluriam
739 5632 914 5704 Redemptori.

322 5730 400 5787 'iuno
434 5729 582 5802 synagoga·
614 5741 730 5800 surgens
760 5728 835 5783 vadit
866 5727 903 5783 ad·
927 5727 1065 5789 Antichri-

281 5833 367 5886 sturn,
386 5829 441 5877 eto.

317 5914 386 5971 Ades
403 5911 568 5974 Emmanuel,
588 5925 663 5981 pessus
674 5925 775 5980 semper
786 5926 950 5980 seroeramtrr,

318 6009 351 6069 ln
369 6008 444 6079 cujus
461 6007 546 6079 pluria
560 6023 606 6062 nos
625 6005 892 6079 qums-plenarum.

1148 4807 1201 4873 Qui
1212 4805 1336 4859 mentitur
1346 4820 1374 4859 ss
1382 4802 1538 4859 ludaeorum
1550 4803 1694 4860 Christum.
1707 4841 1711 4867 ,

1148 4901 1228 4957 Certa
1241 4896 1340 4952 indicia
1350 4906 1389 4952 est
1404 4906 1503 4952 nostroe
1517 4896 1646 4953 libertatis

1093 5056 1098 5063 p
1149 4991 1224 5046 Elias
1237 4999 1263 5045 et
1278 4988 1368 5044 Enoch
1381 4988 1512 5060 propbetas
1523 4991 1653 5046 ueritatis.

1151 5082 1210 5137 Tibi
1223 5083 1325 5152 pretias
1341 5081 1447 5146 damus,
1462 5081 1579 5146 Adonai,
1596 5097 1642 5136 rec
1656 5083 1758 5154 plorioe,

1149 5177 1328 5233 Personarum
1342 5175 1459 5230 Trinitas
1474 5175 1591 5248 ejusdem
1608 5176 1774 5233 substantia.

1155 5270 1218 5324 l'ere
1234 5269 1316 5324 Pater
1331 5269 1400 5323 licus
1414 5279 1463 5334 est,
1475 5270 1550 5339 cujus
1567 5268 1720 5342 llnipenitrtr

1149 5360 1220 5416 Deus
1233 5370 1282 5426 est,
1298 5359 1367 5414 idem
1380 5360 1450 5415 licus
1464 5368 1504 5415 est
1521 5362 1658 5416 amborum
1672 5361 1801 5432 Spiritus.

1150 5452 1261 5509 interim
1294 5453 1442 5525 hypocrite
1472 5452 1610 5509 venientes
1638 5453 1673 5509 sd
1699 5452 1898 5511 Antichristum

1115 5550 1227 5601 annunt
1241 5560 1249 5599 l

1151 5635 1175 5693 0
1189 5635 1292 5690 culmen
1307 5633 1406 5705 sepium
1419 5631 1515 5687 diuina
1528 5631 1694 5701 maiestatis!

1153 5728 1213 5785 Tibi
1227 5725 1393 5782 subtrabitur
1405 5724 1487 5779 honor
1495 5723 1651 5779 diuinitatis.

1154 5819 1289 5876 intrauere
1302 5834 1376 5873 senes
1389 5814 1509 5872 doctores
1521 5815 1658 5878 sanitatis,

1125 5907 1129 5915 '
1153 5911 1207 5982 Qui
1219 5909 1400 5982 blasphemant
1415 5916 1468 5973 turs
1481 5907 1603 5965 honorem
1615 5907 1763 5977 potestatis.

1153 6000 1257 6060 iudeis
1266 5996 1414 6072 predicant
1427 6006 1518 6058 tenore
1532 5997 1744 6071 scripturarum,
