4350 6709
340 564 394 622 tot
872 565 1010 626 alcano!
1028 566 1274 628 caesariensis
1294 567 1462 630 eulscout.
1914 567 1971 629 8⁰8

336 696 399 739 rom
413 681 548 738 medicina
566 682 740 756 languorum.
761 682 841 753 Qtrod
857 686 1008 743 substituto
1034 686 1129 757 ponti·
1143 693 1166 750 Α
1181 683 1270 742 Natali
1283 685 1390 742 Domini
1403 687 1570 755 continuari,
1588 697 1618 746 ut
1638 697 1781 747 notaretur
1799 690 1914 748 alteram
1934 707 1971 748 ex

337 775 388 832 Dee
400 776 463 831 sede
476 775 583 847 priuato
608 775 745 847 prolloere
758 776 851 843 desiit,
874 780 1003 835 restituto
1024 779 1129 851 prollo·
1179 777 1263 835 altera
1275 781 1365 852 sequi.
1386 778 1464 837 Unde
1478 781 1577 853 legitur
1592 801 1599 837 ε
1617 778 1685 838 lieri
1698 792 1778 839 notus
1794 793 1836 840 est
1846 783 1971 841 cbristus

337 868 388 925 stt.
403 867 520 934 Quantis
533 883 600 940 ergo
611 869 656 925 bic
667 868 797 928 Nicolaus
807 883 872 943 post
885 872 990 929 obitum
999 889 1129 929 corusca·
1179 875 1207 929 irs
1224 874 1303 928 terris
1326 884 1357 929 ut
1369 874 1447 929 bodie
1462 875 1612 946 Stephanos
1625 885 1779 932 irasceretur
1798 878 1825 933 in
1839 877 1924 947 cressa,
1935 893 1970 935 ex

335 961 375 1015 rit
399 959 551 1030 miraculis,
569 977 620 1018 nec
633 963 719 1036 stylus
743 963 843 1021 subicit
863 964 1003 1034 scribere,
1020 980 1071 1021 uec
1086 964 1129 1019 ul·
1178 982 1234 1036 quo
1249 966 1333 1023 uerbo
1349 967 1486 1038 colligitur
1507 968 1579 1038 quod
1606 968 1699 1026 obitus
1724 980 1897 1038 sauctorum,
1918 987 1971 1028 ns-

335 1050 392 1109 llus
404 1051 532 1109 tacentia
553 1064 645 1125 posset
667 1057 857 1128 exprimere.»
882 1056 923 1113 Ex
935 1058 988 1115 bae
1000 1073 1067 1132 ergo
1084 1058 1129 1123 ‚le-
1178 1059 1259 1120 tales,
1277 1069 1326 1115 aut
1349 1060 1474 1115 natalitia
1490 1063 1680 1128 nominentur,
1697 1077 1732 1117 eo
1755 1061 1828 1133 quod
1848 1071 1915 1119 tutto
1941 1060 1971 1119 io

335 1146 423 1219 genda
434 1145 568 1203 hodierna
585 1150 793 1220 compaginator
803 1151 931 1208 bistoria.
1178 1150 1300 1222 angelica
1316 1151 1446 1207 societate
1457 1146 1618 1208 nascintur.
1632 1152 1721 1224 Cujus
1735 1152 1880 1209 bistoriana
1892 1169 1971 1210 com·

625 1241 741 1300 cauda
759 1243 803 1299 lll.
1177 1243 1273 1314 posuit
1282 1243 1417 1301 alcuinus
1429 1243 1523 1300 Caroli
1538 1244 1715 1316 capellanus:
1729 1244 1905 1302 nocturnales
1919 1262 1971 1300 an·

583 1348 617 1389 oe
635 1350 736 1390 structa
755 1351 845 1391 aurcis.
1178 1337 1305 1408 tiplronas
1321 1337 1355 1394 de
1377 1338 1501 1408 psalmis,
1519 1338 1621 1408 quibus
1644 1337 1827 1407 attitulantur,
1847 1340 1969 1411 acoeplt;

371 1425 454 1484 Beata
465 1426 549 1484 Lucia
562 1430 614 1499 pro
626 1437 713 1484 matre
724 1427 913 1485 hemorroissa
926 1428 959 1484 ad
969 1428 1127 1500 sepulcrum
1177 1438 1277 1485 caetera
1292 1430 1327 1486 de
1341 1431 1456 1487 Actibus
1477 1432 1665 1503 apostoloram
1678 1432 1702 1466 ’⁸
1715 1430 1869 1489 euidentius
1892 1449 1972 1489 assu

334 1517 425 1575 Beate
436 1518 549 1590 agatha.
561 1519 675 1590 uirginis
689 1519 884 1576 intercedebat.
898 1519 949 1574 Coi
965 1518 1048 1574 Deata
1059 1517 1129 1590 lga-
1178 1529 1302 1588 muntur,
1320 1535 1353 1577 ex
1365 1536 1398 1577 eo
1412 1520 1494 1578 loco:
1519 1520 1670 1588 Stephanus
1691 1522 1783 1594 plenus
1803 1525 1903 1595 gratia,
1914 1535 1969 1581 etc.

335 1613 382 1668 tba
394 1628 442 1684 per
453 1613 593 1668 somnium
605 1611 696 1667 dixit:
713 1630 723 1664 t
742 1610 831 1667 Soror
848 1627 909 1668 mea
930 1611 1015 1668 Lucia
1031 1611 1097 1682 quid
1110 1628 1126 1667 a
1177 1609 1380 1682 Frequentatur
1392 1623 1484 1669 autem
1502 1614 1612 1670 alleluia
1625 1615 1653 1670 in
1677 1615 1831 1684 uersiculis,
1845 1615 1888 1672 uel
1902 1631 1971 1688 pro·

334 1720 379 1760 nte
400 1705 481 1774 petis,
493 1704 566 1775 quod
590 1719 639 1775 per
653 1713 679 1760 te
696 1703 799 1775 poteris
819 1704 878 1774 ipsa
890 1712 1020 1774 praestare
1038 1703 1127 1759 couti·
1176 1712 1237 1774 pter
1261 1705 1464 1762 solemnitatem
1484 1705 1635 1763 Dominicae
1655 1705 1826 1775 Natiuitatis,
1846 1710 1891 1766 uel
1905 1725 1971 1781 pro·

334 1797 438 1851 nuols
464 1805 492 1851 et
515 1794 605 1852 inira:
624 1815 634 1848 s
657 1794 795 1866 Sicutper
809 1811 853 1851 me
875 1795 972 1850 ciuitas
990 1793 1127 1849 Catanen·
1175 1806 1236 1868 pter
1250 1798 1380 1868 gaudium
1406 1799 1441 1854 de
1463 1798 1607 1855 consortio
1631 1799 1775 1872 Stephani,
1797 1811 1824 1858 et
1838 1803 1971 1874 angelicas

333 1887 406 1943 sium
420 1886 613 1944 sublimatura
626 1887 747 1954 Christo,
772 1888 809 1942 ita
827 1902 875 1957 per
890 1894 917 1942 te
928 1886 1026 1944 ciuitas
1043 1884 1126 1958 Syra·
1175 1890 1326 1947 concionis.
1340 1889 1369 1946 ln
1395 1892 1446 1948 bac
1461 1892 1506 1947 die
1530 1892 1629 1965 legitor
1647 1896 1818 1964 euangelium
1835 1896 1859 1928 ¹⁸
1873 1897 1908 1952 de
1921 1911 1971 1953 oc-

332 1993 438 2035 eusaoa
453 1979 660 2036 decorabitur.»
676 1978 709 2033 Et
725 1986 820 2034 sauata
838 1985 881 2035 est
901 1985 990 2032 mater
1013 1976 1074 2048 ejus
1089 1991 1123 2032 ex
1176 1962 1507 2054 eisiorre'proplretarum,
1523 1986 1551 2041 in
1575 2004 1631 2058 quo
1654 1987 1755 2044 dicitur
1772 2007 1779 2043 ι
1802 1987 1822 2042 Α
1839 1990 1971 2060 sorrpuins

333 2071 381 2128 llla
396 2072 477 2129 bora.
503 2072 682 2128 Postmodum
709 2087 772 2127 cunr
786 2070 981 2140 patrimonium
996 2067 1125 2140 paoperi-
1141 2043 1162 2103 Β
1177 2071 1245 2127 Atel
1256 2073 1343 2142 iusti·
1359 2076 1433 2132 sieut
1452 2079 1524 2134 enim
1542 2079 1587 2133 illc
1603 2079 1655 2135 luit
1671 2087 1856 2153 protomartyr
1873 2081 1900 2135 in
1915 2079 1971 2136 ve-

333 2165 386 2222 bus
399 2175 550 2238 erogasset,
569 2181 630 2221 eam
645 2179 763 2235 sponsus
777 2179 872 2220 coram
893 2160 1043 2218 Paschasio
1056 2178 1124 2219 con·
1176 2166 1228 2221 teri
1238 2165 1424 2235 Testamento¹
1442 2171 1483 2227 sic
1505 2172 1557 2227 iste
1577 2172 1604 2227 io
1618 2171 1715 2240 Nouo;
1731 2174 1773 2228 uel
1787 2175 1851 2244 quia
1869 2173 1904 2230 ibi
1924 2174 1970 2230 di·-

332 2262 393 2318 sule
412 2261 564 2329 accusauit,
584 2261 640 2325 cui,
656 2277 719 2316 cum
739 2275 800 2316 eam
815 2261 848 2316 ad
864 2261 1064 2317 daemonlorum
1078 2275 1125 2317 sa·
1175 2259 1249 2316 citur
1265 2278 1273 2316 :
1290 2259 1408 2332 Lepidus
1419 2279 1463 2318 eos
1476 2266 1521 2335 gui
1537 2264 1572 2319 ad
1588 2276 1612 2320 te
1626 2266 1702 2320 missi
1725 2275 1797 2321 sant.
1813 2264 1972 2338 Stepbaouu

332 2357 467 2414 erillclum
493 2357 632 2425 invitaret,
644 2355 785 2429 Evangelii
799 2366 827 2414 et
850 2356 973 2428 Apostoli
988 2356 1125 2412 sermoni·
1176 2363 1268 2410 autem
1293 2355 1393 2426 legitur
1416 2358 1438 2389 ¹⁷
1454 2357 1604 2429 lapidatus.
1619 2357 1668 2414 llel
1696 2359 1761 2430 quia
1781 2360 1818 2416 ibi
1846 2360 1970 2415 dicitur:

332 2452 385 2507 bars
396 2451 515 2520 erudita,
529 2459 689 2508 constanter
711 2451 739 2506 in
761 2449 858 2507 laciero
872 2450 983 2507 restitit.
1007 2448 1126 2522 ldeoque
1175 2445 1336 2503 Benedictus
1356 2450 1402 2521 goi
1422 2451 1493 2505 ararit
1505 2452 1533 2504 irr
1549 2452 1654 2506 aomina
1676 2451 1794 2517 Dormiat,
1811 2452 1885 2524 quod
1900 2468 1970 2509 con-

331 2541 796 2599 rectcindiurnoolllciocantatur:
809 2541 934 2597 Dilexisti
943 2540 1124 2611 justitiom¹⁸,
1177 2540 1251 2612 grolt
1274 2542 1407 2612 proximae
1427 2541 1579 2600 Natiuitati.
1594 2543 1685 2615 Hujus
1711 2544 1822 2613 testum,
1844 2545 1893 2616 qui
1917 2544 1974 2600 luit

331 2635 366 2694 Et
380 2636 487 2707 Diffusa
497 2637 634 2708 estgratiu
645 2637 688 2692 ¹⁸⁶.
702 2636 780 2694 Unde
790 2634 957 2691 Paschasius
968 2649 1029 2691 eam
1044 2634 1124 2690 leno·
1175 2633 1297 2690 eximius
1321 2634 1521 2704 diaconorum,
1547 2635 1649 2692 debent
1674 2636 1814 2693 celebrare
1837 2637 1969 2702 diaconi,

331 2731 417 2788 aribus
435 2731 603 2797 uiolandam,
631 2739 659 2786 et
673 2729 730 2802 igni
742 2729 918 2785 cremandam
935 2728 1073 2800 exposuit.
1089 2727 1125 2782 Aa
1176 2723 1327 2782 dommodo
1341 2743 1396 2782 aron
1413 2737 1545 2799 usurpent
1568 2728 1687 2784 officium
1706 2729 1878 2802 presbyterii.
1897 2730 1971 2786 sicut

331 2824 396 2881 leno
423 2823 544 2879 uincitur
569 2822 685 2894 etiguis
707 2821 903 2893 exstinguitur.
919 2817 1125 2891 Demumrirgo
1175 2817 1280 2874 alicubi
1309 2818 1459 2892 desipiunt,
1485 2836 1569 2893 super
1596 2821 1731 2879 lectiones
1750 2821 1843 2877 dando
1855 2822 1974 2879 Dearedi·

331 2910 419 2968 Lucia
442 2911 533 2984 gladio
553 2927 603 2984 per
629 2913 734 2968 uiscera
756 2911 980 2967 transieraturet
996 2911 1124 2968 moritur.
1175 2911 1292 2969 stiones.

332 2991 374 3062 tt's
384 3004 436 3062 bac
451 3006 566 3077 legenda
585 3005 717 3062 bodieroa
733 3005 898 3075 compilator
911 3003 1039 3061 historia.
1473 3005 1589 3065 CAPUT
1612 3007 1665 3066 llll.

638 3094 754 3152 CAPUT
778 3095 823 3153 lv.
1337 3117 1371 3158 on
1390 3117 1478 3159 nstro
1495 3119 1594 3160 roanos
1614 3118 1808 3162 aususausus.

596 3207 630 3246 oe
649 3207 751 3247 sonoro
771 3205 873 3246 tuost.
1210 3191 1286 3250 Beati
1305 3190 1419 3252 ioannis
1432 3196 1605 3265 euangelistae
1622 3194 1737 3265 Natalis,
1760 3198 1803 3254 uel
1822 3196 1972 3256 Transilus

367 3283 442 3340 Beati
458 3281 572 3339 Tbomae
584 3282 710 3354 legenda,
721 3291 748 3339 et
765 3283 869 3352 siguald
885 3297 918 3339 ex
930 3296 962 3338 ca
981 3290 1123 3354 sumptum
1174 3302 1230 3344 non
1245 3288 1360 3360 contigit
1374 3289 1464 3346 bodie.
1480 3287 1531 3345 Sed
1546 3299 1694 3347 comesset
1710 3293 1971 3364 nonagintanovem

331 3376 362 3433 lo
372 3377 572 3448 responsoriis,
588 3376 630 3432 uel
646 3376 806 3446 antiphonis
816 3375 963 3447 reperitur,
975 3375 1047 3432 iuter
1057 3391 1160 3475 apo(2
1176 3364 1324 3445 annorum,
1341 3379 1369 3434 in
1384 3380 1598 3453 quadragesimo
1612 3391 1711 3453 quarto
1726 3397 1800 3437 auno
1821 3392 1885 3454 post
1902 3397 1969 3454 pas·

331 3470 435 3542 srgplm
453 3469 610 3541 deputatur.
1135 3485 1138 3493 “
1176 3470 1328 3525 sessionem
1344 3469 1469 3537 Domini,
1484 3473 1568 3543 buirus
1592 3471 1687 3528 mundi
1703 3473 1778 3529 uiam
1803 3473 1927 3530 deseruit
1939 3474 1971 3530 in

635 3585 753 3644 CAPUT
772 3585 806 3642 g·
1177 3561 1318 3618 nativitate
1329 3562 1404 3618 Beati
1417 3562 1531 3621 loannis
1546 3564 1684 3636 Baptistae.
1699 3563 1778 3621 Unde
1788 3568 1851 3638 quia
1867 3566 1971 3624 lostam

329 3698 479 3743 „mm
501 3699 519 3738 g
538 3697 706 3739 „mum
725 3695 820 3737 „mum
839 3694 924 3745 που,
951 3695 986 3735 η
1005 3691 1126 3735 mm,
1177 3653 1252 3712 lllius
1269 3654 1435 3726 majusest,
1452 3672 1508 3728 quo
1526 3656 1598 3713 inter
1621 3667 1701 3714 natos
1718 3658 1865 3714 mulierum
1881 3661 1972 3730 major

317 5935 323 5974 l

662 3768 788 3810 aestuas.
1177 3763 1233 3804 nou
1247 3748 1384 3804 exstiterit
1397 3748 1432 3816 ¹⁸,
1442 3749 1469 3802 in
1485 3747 1714 3819 cujusnatiuitate
1723 3750 1836 3822 angelus
1849 3751 1972 3820 gaudere

369 3849 409 3906 De
424 3847 531 3905 lestisa
556 3845 704 3903 Natiuitate
719 3845 831 3902 Domini
850 3861 939 3917 osque
961 3845 994 3902 ad
1008 3843 1127 3916 Septua·
1176 3840 1303 3912 praedialt
1321 3840 1354 3908 ¹‘,
1380 3839 1484 3896 idcirco
1508 3840 1608 3897 festum
1633 3840 1717 3911 liujus
1743 3841 1777 3896 ad
1806 3856 1867 3896 eam
1895 3840 1968 3896 diem

332 3943 465 4016 gesimam
482 3941 541 3997 baee
554 3939 649 4014 regula
670 3948 714 3996 est
732 3939 913 4005 obseruanda,
928 3938 1002 4010 quod
1016 3938 1044 3993 in
1056 3936 1126 3994 letto
1176 3932 1343 3989 transfertur
1367 3932 1395 3987 iu
1415 3948 1470 4003 gua
1486 3930 1586 4002 presi
1602 3931 1702 4002 legitur
1728 3931 1871 3988 inlulatus.
1889 3930 1969 3999 Quod

333 4035 428 4092 Sancti
448 4033 592 4106 Stephani,
618 4043 646 4089 et
668 4032 786 4102 cacteris,
812 4039 861 4087 aut
879 4046 942 4102 qrrae
966 4039 1124 4097 occurrant,
1179 4035 1210 4082 et
1220 4041 1252 4082 ea
1264 4025 1357 4082 decuit
1367 4026 1485 4092 ratione,
1497 4035 1527 4081 ut
1538 4023 1673 4096 Sponsus.
1683 4025 1732 4096 qui
1745 4035 1785 4082 est
1798 4025 1971 4081 rubicundas

332 4140 381 4186 aot
395 4143 457 4200 quae
479 4141 627 4183 occurrere
640 4134 766 4197 possunt,
793 4134 849 4181 tam
865 4124 1017 4192 matutinae,
1041 4140 1125 4197 qulam
1176 4127 1204 4175 ct
1227 4117 1362 4175 candidus
1374 4117 1398 4151 ¹⁰
1420 4118 1490 4176 duos
1509 4118 1622 4175 baberet
1635 4119 1751 4174 comites
1769 4136 1776 4174 :
1796 4115 1968 4188 Steplrarrnm

332 4229 440 4278 staterae
454 4221 529 4276 borae
549 4220 584 4274 de
600 4217 671 4274 lesio
684 4225 842 4284 cantentur,
867 4215 989 4287 exeeptis
1003 4217 1126 4286 vesperis
1148 4274 1150 4279 ,
1177 4213 1311 4286 martyrio
1324 4212 1520 4279 rubicundum,
1536 4222 1563 4269 et
1576 4210 1710 4269 loarruem
1723 4213 1882 4284 uirginitate
1898 4228 1968 4270 can·

331 4313 367 4371 ad
387 4311 565 4369 Nativitatem
593 4310 703 4369 Domini
727 4310 939 4383 pertinentibus.
956 4308 1064 4377 Quibus
1091 4309 1126 4368 de
1176 4303 1340 4363 didum.llic
1349 4320 1432 4376 sopra
1440 4313 1534 4375 peetus
1544 4303 1652 4359 Domini
1666 4303 1693 4358 in
1706 4317 1784 4360 coena
1797 4303 1924 4359 recubuit
1933 4301 1970 4369 ⁸¹,

331 4402 478 4462 Natiuitate
493 4405 623 4470 cantatis,
638 4412 767 4460 cantetur
790 4402 952 4473 antiphona,
965 4418 1027 4459 cum
1043 4403 1127 4459 uersi·
1176 4398 1222 4455 cui
1236 4396 1365 4453 Cbuistus
1378 4394 1520 4468 Virginem
1537 4394 1637 4467 uirgini
1655 4394 1901 4450 commendanti&
1918 4392 1971 4451 llic

332 4503 407 4567 eolo,
418 4507 446 4554 ut
459 4498 586 4563 collecta,
611 4500 724 4569 quando
748 4511 810 4551 cum
827 4495 978 4567 antiphona
992 4480 1131 4568 adiiciunt
1176 4491 1366 4548 testimonium
1402 4488 1513 4545 Cbristo
1550 4487 1690 4559 perhibuit
1714 4489 1747 4542 ⁸¹.
1773 4487 1969 4559 Apocalypsina

332 4589 500 4666 lupuipcot.
1177 4584 1342 4656 composuit.
1357 4581 1407 4638 llic
1428 4581 1528 4637 exsilio
1550 4593 1593 4636 est
1615 4580 1762 4650 relegatus,
1778 4592 1804 4635 et
1818 4579 1871 4635 olei
1893 4580 1969 4636 dolio

636 4680 753 4738 dtuut
773 4679 816 4737 vt.
1177 4678 1289 4734 missos.
1316 4675 1438 4732 Tandem
1466 4675 1574 4731 senium
1600 4674 1628 4729 in
1652 4688 1719 4744 pace
1735 4673 1833 4728 liniuit.
1850 4671 1970 4744 ideoque

571 4792 605 4832 nr
623 4790 725 4831 seuero
743 4789 891 4831 sraeusao.
1142 4772 1247 4841 notris
1271 4769 1424 4826 Donriom:
1442 4786 1452 4820 s
1473 4766 1520 4824 Sic
1541 4783 1604 4824 eum
1626 4767 1690 4822 uolo
1712 4781 1833 4835 manere,
1847 4766 1914 4837 gaio
1934 4767 1969 4823 ad

369 4867 444 4922 Destl
472 4866 605 4938 Stepbani
619 4868 714 4940 passio
726 4877 880 4940 perpetrata
895 4867 1018 4925 creditur
1029 4868 1057 4925 in
1068 4869 1126 4924 Aa·
1178 4862 1226 4918 tel
1239 4862 1263 4894 ⁸³
1277 4880 1288 4914 s
1305 4860 1390 4915 diunt
1405 4860 1516 4930 quidam
1531 4859 1616 4931 quod,
1642 4873 1706 4914 cum
1725 4869 1789 4929 post
1801 4856 1968 4913 celebratam

332 4970 423 5029 gusto.
452 4957 503 5026 Ea,
529 4959 654 5030 inquam,
676 4960 731 5027 die,
750 4976 806 5032 gua
829 4959 890 5032 ejus
908 4961 1063 5018 celebrator
1082 4961 1126 5016 in·
1178 4956 1293 5011 missam
1306 4953 1494 5010 descendisset
1510 4955 1538 5008 ln
1553 4953 1823 5019 tumulumesanuit
1834 4951 1871 5008 ab
1879 4952 1972 5008 oculis

333 5053 435 5109 tentio.
451 5050 487 5107 Et
510 5051 632 5108 tnrenrio
645 5051 717 5108 laeta
730 5060 772 5108 est
798 5051 825 5107 iu
850 5052 895 5109 die
909 5053 1052 5110 hodierno.
1069 5052 1124 5110 Sed
1177 5046 1426 5104 circumstantium.
1443 5043 1477 5100 Et
1491 5060 1553 5101 cum
1569 5054 1641 5101 terra
1665 5046 1801 5101 scaturiat
1812 5061 1846 5101 es
1861 5042 1968 5109 londo.

332 5144 398 5218 utria
410 5145 509 5201 lustum
522 5144 662 5216 passionis
676 5145 787 5226 dignius
799 5154 841 5202 est
855 5145 926 5203 testo
945 5146 1123 5215 inuentionis,
1177 5140 1282 5195 addunt
1294 5155 1357 5196 eum
1370 5138 1507 5194 subterra
1522 5138 1649 5192 uiuereet
1662 5147 1762 5192 terram
1773 5137 1835 5206 eius
1845 5138 1969 5194 auulselitu

334 5241 397 5298 ldeo
412 5248 619 5312 transportatur
629 5239 662 5294 ad
675 5247 784 5310 tempus
798 5237 947 5295 Dominicae
957 5237 1122 5295 Natiuitatis.
1177 5234 1324 5291 scaturire.
1350 5233 1414 5302 lllii,
1432 5234 1460 5289 in
1480 5235 1579 5290 ctelum
1601 5233 1763 5289 translatum
1789 5246 1861 5288 esse.
1883 5230 1971 5303 lgitur

332 5333 381 5390 Vel
393 5333 511 5405 eoquod
527 5332 579 5388 bac
592 5332 635 5387 die
659 5331 784 5387 dedicata
804 5331 841 5388 sit
858 5332 918 5403 ejus
935 5332 1068 5399 basilica;
1082 5333 1129 5386 uel
1176 5329 1275 5399 partim
1291 5343 1326 5384 ex
1351 5325 1516 5398 Evangelio,
1540 5326 1639 5397 partina
1662 5341 1696 5380 cx
1714 5326 1776 5397 ejus
1792 5324 1970 5380 tribulatione

331 5426 396 5496 qnia
410 5424 566 5496 Stephanus
578 5434 620 5480 est
644 5433 845 5497 protomartyr:
860 5423 907 5496 qui
934 5425 1041 5495 primos
1062 5435 1124 5496 post
1179 5421 1311 5476 bodierna
1329 5421 1511 5491 complicatur
1525 5418 1653 5474 bistoria.
1668 5416 1698 5471 ln
1714 5419 1794 5489 cujus
1808 5419 1906 5474 ultimo
1923 5432 1968 5473 re·

335 5516 445 5571 botuuini
461 5515 670 5583 ascensionem,
682 5515 780 5573 eodem
799 5517 904 5574 scilicet
923 5533 998 5573 anno
1011 5516 1124 5573 Passio·
1174 5513 1330 5582 sponsorio,
1346 5512 1449 5568 scilicet
1464 5509 1498 5565 bs
1511 5511 1597 5566 medio
1610 5508 1747 5575 Ecrtesire,
1761 5510 1835 5582 quod
1849 5509 1970 5565 sumitur

334 5607 378 5662 nis
390 5604 507 5673 Domini,
524 5606 686 5680 martgrium
701 5622 752 5677 pro
767 5605 879 5662 Christo
891 5608 1032 5673 sustinuit,
1048 5607 1123 5679 quod
1172 5606 1210 5660 de
1225 5605 1296 5661 libro
1313 5603 1462 5676 Sapientiae
1475 5604 1510 5672 ⁸⁸,
1524 5604 1553 5659 iu
1573 5617 1631 5675 quo
1647 5605 1738 5675 agitur
1752 5605 1786 5660 dc
1806 5603 1905 5675 spiritu
1927 5603 1970 5656 in·

331 5708 375 5754 est
388 5697 465 5754 nasci
480 5699 508 5753 ira
520 5699 608 5756 caelis.
622 5698 785 5770 cujusmodi
797 5699 916 5756 natalem
928 5700 1008 5759 nobis
1018 5700 1122 5757 Clrristi
1172 5681 1313 5776 {ellectum
1343 5712 1445 5754 neuma
1466 5697 1612 5768 jubilatur,
1628 5697 1694 5768 quia
1715 5696 1906 5767 perspiritum
1923 5695 1969 5750 la·

332 5787 466 5846 Natiuitas
480 5791 607 5847 contulit.
631 5789 726 5846 Dccuit
748 5804 815 5860 ergo
840 5789 963 5847 Natalem
991 5790 1122 5863 Stepbaol
1178 5792 1302 5847 tellectus
1326 5787 1378 5846 luit
1396 5789 1431 5845 de
1453 5785 1583 5845 ineffabili
1598 5787 1684 5844 uerbo
1697 5786 1746 5843 Del
1768 5786 1888 5843 loeutus.
1913 5782 1969 5853 Qut

368 5991 540 6047 ”tratti
579 5991 698 6047 ¹⁸·loid.
721 5990 940 6057 ‚⁹⁸llct.octi.
980 5988 1159 6046 “llattluti
1207 5990 1351 6048 '‘leei.
1385 5991 1575 6050 ”llaulntl
1614 5988 1760 6048 ¹⁹l.uc.l.
1799 5986 1967 6044 ”dantia

333 6060 356 6094 ⁸⁸
379 6061 524 6119 inaniis.
564 6060 742 6118 ”trunto
783 6060 960 6117 ”tuanen
1000 6059 1103 6117 ’‘toiu.
1144 6056 1321 6120 ’'tt-etuti.
