4350 6709
228 428 279 511 itt
679 512 684 523 ,
836 452 1000 513 statuant
1021 452 1269 514 atutcsnsmu.
1801 458 1857 519 sta

227 571 257 627 ia
271 568 429 636 Translata,
445 569 504 628 laec
519 568 572 627 init
585 587 594 625 a
609 584 681 643 saepe
705 555 874 628 memoratus
888 588 935 628 res
951 573 1020 627 ciri·
1033 580 1057 638 Α
1072 572 1188 629 crimine
1202 571 1393 640 constitutum,
1404 587 1455 645 pro
1469 587 1504 631 eo
1518 572 1592 646 quod
1606 572 1702 633 trustes
1713 573 1775 635 ssei
1785 616 1793 648 ,
1804 593 1857 651 pro

227 673 311 721 tatem
327 662 504 731 Tolosanum,
518 681 579 735 qua
593 664 627 720 ab
643 664 758 735 antiquo
773 664 825 721 lrrit
847 675 875 720 ct
891 676 951 722 crat
971 682 1014 723 re-
1067 663 1243 720 remansiune
1256 664 1485 737 peregrinorum,
1503 680 1607 722 cornum
1621 666 1704 724 solito
1715 667 1856 727 crudelius

225 755 399 826 ceptaculum
414 755 605 813 baereticorum
621 766 648 812 et
664 759 782 824 sentina,
797 774 847 816 acc
862 774 917 816 non
940 761 1015 831 ipsos
1066 756 1291 827 assumpsissent,
1311 757 1434 815 collectis
1455 774 1549 815 seeum
1570 759 1703 816 militibus
1719 769 1857 833 quotquot

226 848 370 904 haereticos
389 855 416 904 et
429 847 552 905 lautores
564 864 661 905 eorum
676 851 762 908 insua
771 852 896 909 custodia
910 861 938 909 et
952 868 1016 922 pro-
1065 859 1223 921 potucrunt,
1240 851 1310 906 miro
1333 850 1440 908 terrore
1458 852 1573 924 spiritus
1587 861 1615 908 et
1625 853 1725 909 virtute
1739 854 1792 910 iter
1808 870 1866 909 ar·-

225 941 346 996 tectione
361 950 511 1012 receperat,
528 942 774 999 excortrmunicatis
788 943 923 1000 haereticis
936 944 1015 1016 plene
1066 943 1211 1013 ripuerunt
1226 954 1320 1001 contra
1337 946 1500 1010 ltaercticos,
1517 947 1604 1016 parati
1629 962 1682 1003 nun
1699 946 1788 1003 solum
1803 962 1855 1004 sus

225 1033 348 1104 etplrue
360 1034 578 1102 communicans,
590 1035 1016 1107 laborabatquequantumpote·
1065 1033 1228 1104 expendere,
1244 1035 1293 1089 sed
1311 1043 1337 1090 et
1352 1035 1469 1106 seipsas,
1502 1035 1525 1090 si
1546 1039 1706 1106 oportuerit,
1727 1037 1861 1108 perieulis:

224 1136 280 1193 rat,
294 1127 374 1198 quasi
388 1127 440 1182 sub
449 1127 539 1196 specie
550 1128 670 1198 pietatis,
688 1129 854 1200 impietatem
873 1145 1014 1196 exercens,
1064 1137 1092 1183 ct
1106 1128 1188 1184 morti
1213 1144 1349 1200 exponere
1367 1146 1417 1200 pro
1438 1131 1549 1199 servitio
1568 1128 1632 1189 lesu
1656 1131 1855 1189 caristium

225 1222 259 1276 al
273 1221 326 1276 boc
341 1228 372 1274 ut
386 1221 593 1291 peregrinatam
610 1222 719 1277 devotio
744 1233 866 1279 cessaret
888 1236 915 1278 et
941 1223 1016 1279 telus
1065 1232 1194 1292 perantes
1206 1222 1289 1293 igitur
1304 1220 1355 1277 viri
1371 1221 1425 1278 lieo
1438 1222 1520 1294 pleni,
1546 1233 1619 1280 rccto
1634 1224 1733 1281 itinere
1756 1240 1853 1296 perre-

224 1321 375 1383 tepesceret
386 1313 570 1382 signatorum:
583 1318 677 1372 rolens
690 1315 827 1372 ciuitatem
839 1314 978 1384 Tolosam,
989 1324 1016 1373 ct
1066 1322 1166 1369 nertmt
1185 1314 1383 1370 carcassonam
1397 1333 1404 1382 ;
1420 1315 1454 1370 de
1467 1329 1585 1386 quorum
1609 1315 1739 1384 adventu,
1753 1318 1855 1375 nobilis
1880 1336 1888 1351 ·

223 1404 350 1474 quaedam
368 1405 626 1476 circumadjacentia
640 1417 742 1476 castra,
759 1424 821 1479 qua
834 1409 1015 1465 atlbucCini·
1065 1403 1376 1471 contesMoniisdffliis,
1392 1417 1419 1461 02
1434 1406 1514 1476 ituci
1535 1406 1583 1477 qui
1607 1423 1669 1465 cum
1693 1424 1727 1464 eo
1753 1418 1853 1475 erant,

225 1496 396 1551 alienitatem
412 1496 611 1569 impugnabant
626 1515 738 1555 manere
755 1500 849 1567 illaesa,
863 1511 893 1556 ut
916 1502 957 1557 sic
971 1510 1014 1557 to·
1065 1498 1151 1569 ganisi
1163 1508 1227 1554 sum
1239 1499 1338 1571 gaudio
1350 1514 1450 1571 magno
1462 1499 1539 1555 valde
1551 1499 1658 1570 (linuit.
1676 1500 1717 1568 ιι).
1742 1500 1855 1558 iuuene·

223 1589 552 1646 trintsaerosanctaeddei
576 1591 713 1660 negotium
727 1600 821 1663 posset
841 1594 1015 1663 postmodum
1065 1599 1132 1645 rum
1154 1601 1244 1645 autem
1268 1591 1334 1645 dieti
1357 1592 1478 1663 episcopi
1502 1602 1613 1648 nostros
1640 1594 1666 1649 in
1682 1603 1855 1665 castroque-

222 1683 366 1736 destrucre
378 1690 405 1737 et
416 1682 528 1752 penitus
542 1683 688 1753 dissipare.
707 1683 748 1741 Ob
770 1685 822 1741 boc
834 1686 917 1741 etiam
939 1687 1016 1742 misit
1065 1683 1128 1739 dam
1144 1699 1229 1754 prope
1244 1683 1457 1752 Carcassouam,
1480 1687 1554 1756 quod
1570 1686 1670 1742 dicitur
1684 1684 1856 1742 Fumant-lo·

168 1804 170 1815 ·
223 1773 330 1828 litteras
347 1772 482 1844 quasdam
499 1775 555 1846 regi
574 1774 697 1831 Trattciae
715 1786 742 1832 ct
763 1778 913 1835 comitissa
934 1778 1016 1835 Carn—
1065 1778 1125 1841 uis;
1139 1775 1264 1833 laeserunt
1277 1786 1368 1839 autem
1385 1778 1412 1833 in
1426 1787 1519 1833 castro
1535 1778 1580 1834 illo
1595 1795 1697 1849 paucos
1711 1779 1779 1845 dies,
1793 1788 1856 1851 post

222 1868 324 1937 patria,
340 1877 368 1923 et
378 1869 471 1925 multis
487 1868 559 1934 aliis,
579 1868 715 1941 sigillatas
741 1871 840 1941 sigillis
863 1873 1014 1928 multorum
1065 1882 1136 1938 quos
1151 1870 1271 1938 perrexit
1284 1883 1376 1924 comcs
1392 1885 1455 1925 euru
1468 1871 1605 1940 episcopis
1618 1871 1651 1926 ad
1664 1865 1783 1926 castrum
1795 1870 1855 1927 llu-

222 1960 416 2033 episcoporum
429 1970 587 2029 terraesuae,
600 1962 628 2018 in
653 1963 753 2033 quibus
780 1962 812 2019 b.
831 1979 901 2037 papa
922 1965 1010 2021 inten—
1030 1947 1125 2016 Brclli
1140 1977 1223 2032 prope
1237 1960 1376 2030 Tolosam,
1404 1964 1439 2019 de
1457 1979 1513 2036 quo
1530 1981 1613 2034 supra
1639 1964 1755 2021 lecimus
1775 1979 1854 2019 tttett-

222 2055 656 2129 nebatrevocareindulgeatiarn
687 2073 771 2129 qnam
792 2057 894 2115 iecerat
916 2070 1013 2115 contra
1066 2053 1191 2108 fi⁰¹¹⁰¹¹¹²
1216 2054 1278 2110 inde
1303 2056 1463 2126 equitarunt
1485 2058 1572 2112 ”stilti
1588 2066 1650 2114 Μ·-
1664 2055 1801 2125 ΤῡΙθΜι
1824 2062 1859 2113 1¹⁶

224 2148 369 2205 haereticos
383 2150 485 2219 supine
504 2161 683 2220 mensuratos,
700 2152 862 2224 litterasque
885 2153 947 2209 illas
970 2152 1014 2208 ta·
1063 2145 1166 2202 Clrristi
1194 2154 1221 2202 et
1244 2161 1310 2202 suos
1336 2158 1465 2205 arcerent·
1487 2144 1611 2205 crebrius
1637 2150 1784 2218 inimic0s;
1805 2148 1860 2206 sed·

221 2243 313 2297 ciebat
326 2242 466 2313 publicare
478 2258 526 2314 per
543 2242 702 2313 Franciam,
721 2254 777 2301 uta
793 2245 1014 2317 peregrinatione
1064 2237 1263 2308 milesiuidiffl
1286 2239 1397 2294 ¹¹⁰¹¹¹l¹¹⁸
1420 2238 1537 2297 3¹⁸³*ss
1558 2242 1592 2296 ¹¹0
1613 2230 1749 2313 listrepiq,
1766 2252 1793 2298 02
1805 2242 1855 2298 ²¹st

221 2342 319 2390 contra
333 2335 477 2393 haereticos
491 2338 599 2395 artimus
613 2339 737 2394 omrtium
750 2348 901 2395 revocaret.
1064 2331 1145 2399 libii
1162 2330 1208 2401 ‘lui
1226 2346 1279 2386 ¹¹⁰⁸
1294 2330 1361 2387 ⁸³¹ss
1376 2332 1446 2387 bene
1463 2347 1493 2389 ὅθ
1514 2333 1668 2390 habuerim
1691 2334 1718 2389 ¹¹¹
1744 2334 1859 2404 ''ellidii''

257 2424 307 2484 llis
317 2427 435 2483 breviter
447 2429 609 2499 perstrictis.
627 2430 660 2484 de
684 2429 758 2487 itlius
781 2431 883 2485 matitia
908 2446 1012 2502 propu-
1062 2422 1186 2490 curisti,
1201 2425 1346 2480 induerunt
1361 2426 1401 2481 ire
1415 2442 1485 2482 cum·
1502 2443 1545 2483 eo.
1562 2427 1662 2484 Comes
1683 2437 1775 2485 autem
1797 2432 1858 2486 nort·

221 2519 305 2575 situm
320 2535 514 2594 exsequamur.
524 2521 627 2580 Videas
640 2523 786 2594 episcopus
798 2522 1010 2591 barcilonensis,
1063 2517 1181 2574 babebat
1194 2526 1299 2574 [unitim
1320 2519 1470 2575 effrenum
1496 2529 1527 2574 ¹¹2
1550 2520 1624 2576 ciret
1646 2519 1773 2577 T⁰¹⁰Silm
1786 2563 1795 2588 t
1809 2522 1855 2578 ¹²¹

220 2618 247 2666 et
259 2610 305 2665 alii
319 2611 489 2683 nuntiiregis
503 2612 688 2683 arragonum,
700 2613 748 2682 qui
762 2622 894 2668 venerant
909 2613 943 2667 ati
960 2614 1012 2670 boc
1063 2611 1173 2682 aliquod
1189 2611 1263 2667 aliud
1276 2611 1347 2667 iorte
1366 2620 1487 2667 castrum
1507 2621 1600 2683 posset
1621 2611 1791 2668 obsidionem
1805 2611 1855 2668 iir-

221 2713 254 2759 ut
265 2704 433 2771 laborarent,
447 2705 520 2776 quod
536 2704 672 2776 peregrini
692 2718 747 2760 noa
764 2705 836 2759 irent
849 2715 943 2760 contra
958 2706 1012 2761 bae·
1062 2719 1149 2770 mare,
1164 2707 1312 2775 proposuit·
1325 2705 1483 2776 treqnerner
1503 2705 1628 2776 equitare
1647 2713 1710 2760 ante
1722 2702 1853 2763 Tolosam

221 2798 335 2864 reticos,
347 2799 411 2869 quia
422 2798 577 2855 ludovicus
590 2797 663 2854 filius
675 2798 750 2870 regis
762 2796 919 2854 Franciaect
933 2799 1011 2854 multi
1062 2810 1125 2851 cum
1141 2797 1263 2854 exercitu
1277 2813 1359 2868 quem
1374 2798 1502 2864 babebat,
1519 2808 1549 2853 ut
1570 2807 1598 2854 et
1612 2798 1779 2853 munitiones
1791 2812 1854 2869 qaas

221 2890 328 2946 nobiles
340 2905 402 2946 curn
430 2905 473 2958 eo,
497 2900 593 2947 contra
614 2889 760 2946 haereticos
785 2904 815 2946 se
839 2891 1010 2961 signassent,
1062 2891 1136 2948 eirca
1146 2890 1275 2948 Tolosam
1290 2901 1369 2949 eraut
1383 2892 1476 2948 multa
1494 2900 1521 2947 et
1542 2890 1627 2948 iortes
1646 2897 1789 2958 everteret,
1804 2906 1852 2948 at·-

221 2998 277 3038 non
293 2982 404 3040 luerunt
416 2984 477 3040 ausi
494 2984 577 3039 etiam
597 2983 698 3038 mutire
717 2983 752 3039 de
774 2982 1011 3040 revocationcno-
1061 2982 1143 3039 bores
1157 2982 1349 3052 decorticaret,
1375 2992 1481 3055 segetes
1506 2992 1534 3040 et
1555 2983 1650 3039 riorus
1667 2983 1858 3054 exstirparetg

222 3085 344 3130 atrorum
358 3092 374 3131 a
388 3076 534 3132 decutiam
544 3074 773 3146 peregrinationis
791 3075 948 3146 praedictae;
970 3076 1011 3133 sic
1062 3084 1169 3146 tempus
1183 3076 1317 3147 siquidem
1332 3077 1479 3134 messionis
1503 3076 1644 3142 instabat;
1669 3077 1740 3133 sicut
1758 3086 1856 3131 auteur

221 3167 289 3222 nibil
304 3182 401 3224 eurum
419 3183 470 3238 pso
490 3168 591 3238 quibus
607 3177 740 3224 uenerant
760 3169 906 3237 iacientes,
920 3170 954 3225 ad
968 3186 1011 3226 rc-
1061 3169 1224 3239 proposuit,
1247 3170 1326 3225 itaet
1348 3168 1422 3226 iecit.
1449 3168 1592 3240 sepedicti
1617 3178 1709 3225 autem
1730 3169 1851 3240 episcopi

221 3276 282 3333 gem
298 3261 469 3333 Arragonum
481 3270 546 3318 sunt
560 3261 672 3328 reversi,
691 3259 750 3317 lien
764 3272 855 3318 autem
868 3261 1045 3351 Franciae,c
1062 3277 1170 3331 semper
1198 3270 1278 3317 eram
1304 3276 1366 3318 cum
1392 3261 1512 3327 comite,
1537 3275 1621 3331 seque
1653 3261 1776 3332 qnotidie
1800 3276 1856 3331 pro

221 3355 269 3424 qni
283 3354 355 3410 sicut
366 3354 501 3422 diximus,
517 3363 719 3410 convocaverat
743 3355 864 3412 barones
879 3369 946 3411 suos
959 3355 1012 3412 Pa·
1062 3350 1292 3407 Christi-servitio
1307 3352 1438 3424 perieulis
1455 3351 1648 3423 exponebant:
1668 3351 1703 3408 de
1715 3366 1770 3408 suo
1778 3366 1852 3423 prte-

221 3448 317 3515 risiis,
332 3448 470 3505 ordinarit
490 3449 524 3504 de
544 3450 764 3522 peregrinatione
787 3450 835 3506 lilii
849 3458 877 3506 et
893 3450 1010 3506 aliorum
1063 3445 1248 3500 terendabtmt
1260 3444 1336 3516 larga
1350 3444 1421 3500 dona
1434 3444 1578 3511 militibus,
1590 3442 1637 3515 qui
1647 3459 1711 3500 cum
1721 3443 1761 3499 cis
1772 3452 1853 3501 eram

220 3540 267 3611 qui
281 3540 463 3610 crucesignati
475 3551 564 3609 erant,
588 3551 616 3597 et
638 3543 770 3600 arationis
784 3542 857 3597 diem
883 3543 1009 3614 praefixit,
1062 3537 1094 3592 in-
1107 3537 1219 3594 servilio
1233 3536 1296 3605 ⁰053
1314 3536 1486 3593 redimebant
1500 3537 1633 3607 eibfiwit
1648 3545 1675 3592 01
1689 3545 1788 3592 efficit
1797 3537 1852 3591 ¹²r·

220 3633 247 3687 in
265 3641 361 3689 actara
384 3631 510 3689 videlieet
525 3632 674 3691 [lominica
698 3633 920 3690 resurrectionis.
939 3632 1011 3700 Quid
1061 3645 1103 3700 ge
1115 3639 1143 3686 et
1155 3640 1257 3687 sanctu
1270 3631 1416 3701 probitatis
1440 3628 1527 3687 oibcia
1540 3628 1594 3684 viri
1614 3628 1780 3685 sanctissimi
1794 3627 1852 3689 sol·

219 3724 320 3794 piarat
338 3723 382 3780 Tit
410 3725 507 3794 ingens
524 3723 746 3782 Christianorum
769 3724 897 3797 gaudium
917 3734 948 3782 ct
962 3742 1011 3781 ex·
1060 3724 1135 3780 licite
1149 3724 1324 3781 exercebant.
1338 3722 1408 3790 Quia
1432 3737 1566 3779 veronen
1588 3736 1733 3794 possemus
1756 3720 1854 3777 omnia·

219 3816 342 3884 saltatio,
357 3817 489 3874 hariticis
502 3827 593 3874 autem
610 3833 714 3875 moeror
725 3827 753 3874 et
766 3819 849 3874 timor
873 3834 1010 3890 magnus:
1061 3817 1198 3888 sigillatim
1213 3816 1377 3887 exprimere,
1394 3816 1467 3873 istud
1482 3816 1601 3873 breuiter
1613 3815 1752 3881 dicimus,
1775 3816 1850 3885 quod

218 3912 265 3966 sen
283 3910 355 3966 beu!
370 3919 431 3981 post
450 3910 601 3979 modicum,
624 3912 729 3968 cithara
745 3920 839 3967 nostra
860 3911 887 3966 in
906 3912 1009 3968 luctum
1060 3909 1133 3966 inira
1149 3908 1332 3981 paucosdies,
1349 3909 1542 3979 septemdecim
1563 3907 1729 3964 munitiones
1745 3914 1849 3964 creme·

219 4003 389 4058 conuertitur
405 4002 466 4073 (tol
481 4003 559 4075 xxx),
581 4005 672 4061 luctus
688 4005 806 4061 bostium
831 4005 859 4061 in
880 4005 1009 4076 gandium
1061 4013 1126 4059 runt
1147 4002 1244 4068 nostri,
1262 4011 1367 4074 segetes
1387 4002 1468 4056 etiam
1482 4000 1608 4068 Tolosa,
1624 4001 1718 4056 vineas
1732 3998 1851 4054 starbu-

219 4105 404 4152 commutatur
416 4097 425 4165 (
431 4096 524 4151 Esther
533 4098 595 4166 χιιι)
606 4115 613 4153 :
625 4097 756 4168 antiquus
769 4098 842 4153 enim
856 4098 943 4155 bustis
963 4113 1011 4168 ge·
1060 4112 1104 4153 res
1117 4112 1150 4152 ex
1164 4104 1241 4169 parte
1256 4096 1374 4150 unanima
1389 4082 1595 4151 destruxerunt,
1851 4108 1854 4113 ·

218 4189 294 4245 neris
318 4189 431 4246 humani
457 4191 601 4254 diabolus.
639 4191 735 4247 videns
764 4193 837 4263 quod
870 4192 1009 4265 negotium
1094 4191 1150 4248 Nec
1176 4187 1470 4260 silendumestquod,
1497 4204 1561 4244 curn
1586 4186 1673 4242 nostri
1695 4186 1852 4257 equitarent·

218 4281 321 4339 etrrtsti
335 4292 408 4340 esset
422 4285 500 4355 quasi
515 4284 544 4341 iu
555 4285 804 4350 consummatione,
819 4285 956 4342 mediante
969 4286 1009 4341 la·
1059 4294 1122 4341 ante
1133 4282 1273 4350 Tolosam,
1289 4291 1317 4339 et
1333 4282 1463 4339 Tolosani
1475 4289 1502 4336 et
1513 4280 1626 4351 ruptarii
1642 4279 1778 4350 quierant
1794 4276 1855 4333 Το-

197 4375 286 4431 'bore
296 4385 322 4431 et
334 4373 467 4432 industria
487 4376 752 4447 crucesignatorum,
768 4392 869 4432 novum
894 4375 1008 4432 nocendi
1059 4378 1124 4434 losa
1137 4377 1221 4448 duplo
1232 4377 1325 4448 plures
1339 4390 1423 4445 quam
1433 4373 1533 4439 nostri,
1552 4373 1709 4443 [requenter
1725 4371 1854 4437 exibant,

218 4468 365 4525 artilleium
385 4468 547 4536 inveniens,
570 4469 703 4540 impedire
724 4469 812 4525 naluit
832 4469 905 4540 quod
922 4469 1009 4524 doluit
1058 4473 1086 4519 et
1100 4472 1211 4519 nostres
1226 4479 1242 4518 a
1257 4463 1337 4534 lenge
1350 4460 1537 4527 infestabant3
1554 4459 1613 4526 sed,
1631 4460 1740 4530 quoties
1758 4458 1854 4517 riustri·-

218 4562 427 4618 consummati:
452 4561 595 4618 suscitarit
610 4563 683 4618 enirn
706 4563 762 4634 regi
785 4562 908 4618 Tranciae
926 4578 1008 4635 gner-
1059 4556 1135 4626 ipsos
1161 4553 1290 4611 volebant
1312 4553 1453 4622 impetere,
1477 4549 1528 4622 ipsi
1553 4547 1644 4619 ‘⁰8³¹ss
1667 4547 1853 4617 ”libidimis

218 4672 265 4712 ras
292 4666 320 4712 er
342 4656 535 4727 occupationes
558 4666 598 4712 ug
616 4666 643 4712 aa
663 4666 770 4725 tantas,
793 4657 866 4726 quoa
887 4655 1008 4726 oportuit
1022 4652 1045 4708 1)
1059 4647 1132 4706 luter
1144 4649 1312 4705 munitiones
1328 4655 1417 4702 autem
1433 4661 1502 4717 quas
1520 4643 1606 4699 nostri
1630 4642 1851 4710 destruxerunt,

217 4763 281 4804 eum
298 4748 438 4804 retardare
453 4747 539 4803 filium
555 4763 636 4804 suum
651 4758 679 4803 et
693 4746 899 4817 crucesignatos
910 4746 944 4802 ab
959 4761 1008 4801 ex·
1058 4750 1117 4800 erat
1130 4743 1255 4814 quaedam
1272 4741 1391 4798 munitio
1409 4753 1493 4812 propc
1512 4736 1641 4792 Tolosam
1666 4736 1735 4793 satis
1748 4736 1853 4796 debitia

218 4842 360 4898 secutione
375 4842 520 4914 proposita
532 4841 772 4914 peregrinationis.
1057 4845 1085 4892 et
1100 4835 1255 4891 immunita.
1269 4834 1385 4902 Quidam
1400 4840 1491 4888 autem
1507 4830 1607 4886 milites
1622 4838 1742 4887 strenua
1753 4829 1852 4901 probis

512 4972 625 5030 CAPUT
645 4972 726 5029 Lm
1057 4928 1133 4993 tatis,
1142 4925 1246 4982 scilicet
1256 4925 1354 4981 Petrus
1365 4925 1399 4980 de
1413 4922 1494 4989 Sissi,
1510 4921 1606 4978 Simon
1618 4922 1652 4978 de
1663 4922 1776 4990 Sesnes,
1790 4921 1846 4978 Ro·

218 5067 357 5124 Hennaea
394 5067 590 5124 Aurelianensis
615 5078 641 5122 et
664 5067 823 5123 Guiiieintua
839 5069 1007 5124 Atttissiodo·
1056 5019 1193 5076 hemme
1208 5018 1368 5090 &numqui
1383 5023 1611 5089 ⁸¹¹W⁰¹¹¹³V⁰¹⁸m
1628 5015 1663 5071 ³¹¹
1679 5015 1757 5071 ”¹55⁰
1773 5029 1850 5084 ΡΜ*

253 5139 337 5194 reneis
350 5139 463 5210 episcopi
475 5140 583 5211 fratres,
597 5155 701 5194 eruum
716 5139 840 5194 aduersas
854 5139 1007 5212 diiigenter
1056 5115 1109 5169 ‘¹¹¹⁸
1122 5129 1238 5185 ΨΜ*
1253 5120 1418 5185 ”fimum
1433 5112 1571 5178 ‘mmmm’
1586 5117 1617 5165 '¹‘
1636 5109 1785 5217 ‘muntem
1804 5110 1848 5166 αἱ*

252 5219 404 5265 manunt.
642 5218 644 5222 '
1056 5209 1237 5265 munitionem
1250 5207 1334 5275 illam,
1355 5216 1386 5262 ut
1397 5206 1435 5262 ibi
1450 5215 1599 5270 morantes,
1612 5209 1768 5275 equitarent
1780 5210 1849 5257 ante

252 5299 291 5358 lla
302 5303 842 5376 tempestate,episcopusAurelianensis
854 5300 1021 5370 barrasses,'
1056 5301 1197 5369 Tolosam,
1219 5311 1247 5358 et
1261 5301 1423 5358 iniustarent
1440 5301 1541 5371 saepius
1559 5297 1720 5354 Tolosanos.
1742 5295 1845 5352 Comes

216 5404 245 5450 et
262 5394 513 5453 Autissiodorensis
534 5397 679 5468 episcopus
692 5395 866 5462 Guillelnrns,
886 5396 938 5450 riri
959 5410 1006 5465 pet·
1055 5407 1146 5453 autem
1169 5397 1231 5453 licet
1243 5396 1355 5461 invitus,
1373 5394 1462 5450 rictus
1477 5403 1569 5449 tamen
1584 5390 1713 5462 precibus
1726 5403 1842 5454 eorum,

216 5492 311 5545 omnia
325 5489 476 5547 laudabiles
496 5499 524 5547 et
545 5499 719 5556 constantes,
743 5489 799 5544 duo
824 5505 933 5556 niagna,
949 5490 1006 5546 imo
1056 5491 1214 5547 aautriteis.
1228 5487 1309 5545 Circa
1332 5487 1430 5544 testum
1450 5484 1602 5541 nativitatis
1616 5482 1647 5536 lt.
1661 5479 1776 5537 loannis
1790 5479 1845 5535 Ba-

215 5583 353 5656 praeeipua
374 5593 440 5641 tunc
452 5582 740 5655 temporisGallicanae
751 5582 878 5639 Ecclesia
889 5582 1004 5651 lumina,
1055 5585 1161 5656 ptistae,
1178 5598 1272 5640 comes
1286 5582 1372 5636 voluit
1385 5588 1416 5635 ut
1426 5577 1625 5650 primogenitus
1641 5591 1709 5631 suus
1722 5573 1845 5630 diutari-

216 5670 316 5730 iratres
330 5673 444 5745 insuper
458 5675 607 5731 secuudum
621 5690 731 5731 cantem
746 5674 879 5747 germani,
895 5688 1004 5730 crucem
1055 5692 1105 5733 eus
1119 5675 1197 5733 fleret
1212 5690 1301 5731 novus
1315 5672 1405 5729 miles.
1421 5668 1563 5727 ordinavit
1585 5677 1677 5724 antem
1692 5681 1785 5723 comes
1807 5665 1850 5721 de·

216 5777 427 5839 assumpserant
446 5778 542 5824 contra
566 5768 710 5826 teretium
730 5769 857 5839 superius
877 5782 1004 5836 curnpre-
1055 5768 1305 5835 consiliosuoruru,
1318 5765 1408 5836 quiin
1422 5762 1605 5825 Ceutronum,
1618 5760 1691 5832 quod
1714 5761 1845 5817 estiatur

215 5862 319 5918 bensos
333 5879 341 5917 a
356 5860 385 5917 tri
408 5859 531 5919 ridentes
552 5862 721 5933 signatorum
737 5860 939 5917 multitudinem
966 5876 1006 5916 re·
1055 5858 1182 5926 Tolosam
1196 5866 1224 5913 et
1246 5858 1467 5921 Carcassonam,
1488 5852 1673 5909 celebraretur
1694 5852 1755 5908 iata
1763 5863 1850 5907 som

217 5954 365 6026 mansisse,
378 5954 550 6028 scientesque
566 5954 704 6028 negotium
720 5952 792 6025 adet,
809 5955 835 6010 in
853 5963 930 6010 arcto
945 5953 1003 6010 dis·
1056 5933 1158 6008 miiitiae
1171 5952 1340 6019 solemnitas,
1364 5948 1475 6006 intesta
1494 5944 1646 6003 nativitatis
1658 5944 1689 6002 u
1713 5943 1841 6003 loannis.
