4350 6709
366 627 421 688 27¹
898 622 1034 680 siclltot
1053 622 1295 681 cntuousu'sts
1313 623 1467 681 episcopt
1934 622 1991 683 sis

370 751 485 819 loquens
505 758 567 802 cum
593 742 708 799 muliere
735 740 931 803 Samaritana,
960 755 1024 811 quas
1046 753 1158 796 venerat
1171 742 1322 805 Aomedio
1349 742 1420 808 rita,
1439 742 1544 796 seilicet
1565 755 1582 796 o
1607 750 1702 798 sancta
1718 739 1853 809 Trinitas3
1876 741 1994 815 ideoque

371 843 481 896 inaurire
493 851 593 906 aqtram
602 834 634 889 ¹⁸.
651 832 752 888 Notum
768 845 810 887 εει
822 833 994 903 mysterium,
1008 829 1156 884 Dominum
1210 832 1455 902 subdistinguitur:
1471 843 1565 888 sancte
1579 832 1651 889 Deus
1663 873 1670 901 ,
1682 846 1776 891 sancte
1789 833 1884 902 sortis,
1901 847 1995 895 sancte

369 949 403 986 ex
419 930 515 984 itinere
525 943 580 998 quo
595 927 629 981 ad
643 940 695 981 nos
709 925 736 979 iu
749 933 826 979 serta
839 923 948 978 venisse
960 930 1056 989 atate,
1070 937 1159 992 usque
1208 923 1384 989 misericors,
1405 923 1432 978 id
1448 934 1489 980 εει
1504 923 1595 992 Pater,
1611 924 1681 991 Fili,
1697 936 1725 982 ει
1747 937 1840 983 sancte
1855 927 1993 998 Spiritus,

368 1023 404 1078 ad
429 1028 545 1076 mortem
568 1017 733 1088 fatigatum,
752 1016 912 1084 sedisseque
929 1028 1012 1082 super
1029 1021 1157 1083 puteum,
1209 1029 1310 1083 aquo.
1326 1025 1353 1069 et
1371 1030 1419 1084 per
1445 1031 1546 1084 quem,
1571 1027 1597 1072 ct
1613 1017 1641 1071 in
1656 1033 1712 1088 quo
1727 1018 1876 1086 salvamur,
1889 1030 1919 1076 et
1934 1021 1995 1079 ideo

370 1116 397 1170 id
423 1121 466 1169 est
489 1113 618 1167 bumana·
643 1109 783 1177 sapientiae
805 1120 950 1175 superasse
973 1105 1157 1175 profundum,
1208 1104 1343 1170 Salvator,
1361 1114 1389 1161 et
1405 1105 1526 1163 Trinitas
1554 1109 1705 1178 appellatur
1720 1128 1728 1176 ;
1742 1112 1776 1165 ad
1801 1127 1995 1184 quemcunque

370 1207 418 1278 qui
431 1206 525 1261 docuit
539 1203 757 1268 samaritanam,
774 1200 880 1255 scilicet
899 1198 1048 1255 Ecclesiam
1063 1199 1159 1254 alieui-
1208 1205 1298 1253 tamen
1320 1213 1475 1256 sermonem
1501 1201 1665 1273 dirigimus,
1703 1204 1868 1272 adiutorium
1894 1206 1995 1276 quaeri-

323 1285 335 1304 ⁹
370 1313 482 1369 genam,
497 1311 558 1366 quae
574 1293 718 1348 bauriebat
733 1306 833 1361 aquam
849 1300 987 1345 mortuam
1009 1290 1043 1345 de
1060 1290 1158 1345 cister·
1209 1305 1281 1354 mus,
1307 1292 1371 1362 quia
1388 1292 1415 1347 in
1430 1304 1518 1349 morte
1541 1310 1655 1362 sumus,
1671 1296 1698 1350 in
1716 1297 1836 1352 miseriis
1852 1302 1994 1368 praesentis

370 1388 431 1460 nis,
448 1395 477 1442 ut
490 1386 615 1446 biberet.
638 1384 744 1439 scilicet
761 1383 794 1438 de
806 1382 937 1437 obscuris
951 1381 1082 1437 doctrinis
1096 1381 1158 1450 pbi-
1208 1384 1284 1448 vitae,
1300 1383 1472 1454 petimusque
1487 1399 1521 1439 ne
1537 1387 1626 1440 tradat
1639 1402 1689 1442 nos
1704 1389 1882 1444 amaritudini
1897 1393 1993 1450 mortis

369 1479 547 1549 losopborum
561 1517 569 1543 ,
585 1492 647 1548 quae
660 1477 760 1531 satiare
775 1490 831 1530 non
843 1484 979 1546 poteraut,
994 1489 1026 1529 ex
1042 1490 1096 1545 qua
1111 1473 1158 1543 qui
1209 1485 1336 1544 aeterum
1361 1478 1420 1542 vel,
1440 1492 1457 1533 o
1479 1477 1610 1544 bomine,
1637 1494 1689 1535 nos
1712 1482 1861 1539 existentes
1887 1483 1914 1538 in
1939 1488 1994 1542 uita

369 1570 475 1626 biberet
486 1568 574 1624 sitiret
589 1567 704 1634 iterum,
719 1565 767 1620 sed
793 1565 841 1635 qui
853 1565 959 1620 biberet
973 1580 1006 1620 ex
1022 1580 1053 1619 ea
1075 1579 1157 1633 quam
1207 1569 1295 1624 media
1314 1584 1409 1625 sumus
1427 1571 1455 1625 in
1470 1580 1569 1626 morte.
1583 1571 1674 1627 Prima
1695 1571 1747 1628 luit
1763 1575 1817 1630 vita
1831 1575 1948 1645 justitiae
1965 1589 1993 1634 ει

370 1664 429 1732 ipse
450 1662 541 1724 daret,
566 1659 595 1714 id
614 1668 656 1714 est
673 1654 776 1728 Spiritu
803 1666 919 1723 sancto,
941 1672 995 1711 non
1019 1656 1106 1712 sitiret
1130 1658 1158 1711 in
1208 1662 1389 1730 innocentiae,
1416 1664 1444 1718 tn
1468 1681 1522 1735 qua
1546 1675 1655 1723 crearas
1681 1675 1724 1722 esi
1748 1667 1845 1735 bomo;
1873 1670 1993 1726 secund,

369 1766 514 1811 aeternum.
530 1750 600 1808 lluic
618 1766 738 1821 congrue
757 1750 931 1820 premittitur
944 1749 1024 1805 lectio
1039 1749 1073 1805 de
1096 1749 1160 1804 liliis
1207 1755 1263 1811 vita
1279 1757 1382 1826 peccati
1397 1765 1424 1812 et
1438 1757 1574 1824 miseriae,
1591 1759 1617 1813 in
1632 1775 1714 1830 quam
1731 1760 1825 1831 lapsus
1838 1760 1992 1831 esthamo,

368 1848 453 1905 lsrael
466 1845 621 1903 dicentibus
645 1845 678 1898 ad
706 1842 819 1915 bloysen
841 1841 903 1897 :Do
927 1842 1000 1896 nobis
1016 1842 1158 1913 squam¹⁹‚
1211 1847 1291 1902 tertia
1305 1848 1358 1902 erit
1384 1846 1439 1902 vita
1460 1847 1676 1905 immortalitatis
1693 1860 1720 1906 et
1737 1851 1844 1921 gloriar,
1860 1852 1993 1923 adquam

370 1941 436 2012 qui,
451 1938 649 1996 licetdiliidens
660 1937 736 2006 virga
751 1937 793 1990 bis
804 1934 908 1990 silicem
924 1936 1070 2004 percussit,
1086 1935 1159 1990 unde
1207 1941 1377 2010 reparabitur
1390 1942 1488 2004 bomo;
1504 1956 1555 1997 nos
1568 1942 1651 2013 igitur
1675 1943 1703 1997 in
1726 1943 1814 1998 medin
1827 1944 1885 1999 vita
1897 1959 1993 2002 snmus

369 2048 486 2105 egressas
509 2041 573 2088 sunt
594 2045 672 2100 aquae
694 2028 866 2099 largissimae.
893 2026 999 2099 bloyses
1022 2027 1158 2099 significat
1209 2033 1236 2087 in
1253 2042 1358 2099 morte,
1375 2032 1438 2103 quia
1456 2033 1512 2088 vita
1536 2034 1638 2102 peccati
1663 2035 1751 2090 medin
1770 2048 1846 2092 mors
1866 2046 1909 2093 εει
1932 2037 1994 2094 vitas

368 2126 513 2181 ludaicum
536 2122 667 2194 populum
700 2121 888 2186 incredulum,
911 2119 1029 2191 populos
1062 2120 1158 2176 sitiens
1174 2096 1333 2195 ”justitian
1348 2131 1375 2180 et
1390 2125 1451 2179 ideo
1464 2127 1613 2196 quaerimus
1632 2126 1783 2194 adjutorem
1794 2145 1802 2194 ;
1815 2129 1890 2185 velo
1905 2129 1993 2188 tidelis

369 2233 455 2289 genus
469 2216 635 2281 bumanuvn,
660 2227 735 2285 petra
759 2212 940 2278 Cbristumll,
955 2227 1035 2282 quem
1051 2211 1157 2283 Moyses
1208 2217 1261 2271 vita
1277 2215 1381 2279 media,
1400 2214 1427 2269 id
1440 2224 1481 2271 est
1496 2231 1594 2286 sperne
1605 2218 1764 2287 temporalia
1778 2219 1858 2276 bonis
1881 2222 1992 2279 malisve

368 2307 412 2362 bis
429 2305 583 2377 percussit,
595 2319 658 2392 ⁶⁰¹1}
674 2303 702 2357 in
720 2302 810 2357 crucis
831 2302 939 2356 duobus
961 2300 1041 2372 liguis
1056 2316 1158 2371 appen·
1207 2311 1373 2376 communia,
1384 2310 1461 2380 ‘quia
1483 2311 1510 2364 in
1527 2321 1614 2365 morte
1639 2313 1886 2384 statuarumque
1905 2323 1932 2372 te
1945 2316 1993 2372 ad·

365 2399 448 2464 dit⁸¹,
460 2408 521 2468 post
533 2396 737 2468 percussionem
751 2409 823 2464 aqua
838 2395 926 2450 savvcti
939 2392 1058 2464 Spiritus
1073 2395 1157 2449 inuu-
1205 2403 1335 2472 jurorein,
1352 2401 1477 2469 Domine,
1489 2403 1670 2472 postulamus,

368 2491 452 2546 darlt.
475 2488 556 2544 iesus
579 2489 671 2558 itaque
695 2486 843 2557 fatigatus,
865 2486 941 2556 virga
955 2500 1113 2555 percussus,
1128 2488 1156 2541 in
1495 2491 1609 2549 CAPUT
1630 2491 1697 2549 vul,

368 2583 480 2637 introitu
498 2599 506 2636 ε
533 2580 590 2634 Fac
618 2577 757 2645 meeum⁸¹‚
775 2579 802 2632 in
818 2577 941 2649 graduali
958 2595 965 2631 :
980 2575 1014 2630 ln
1029 2576 1084 2631 Deo
1099 2594 1157 2647 ape·
1329 2601 1457 2641 nonrnrci
1482 2600 1588 2648 ortanus
1608 2600 1633 2640 ιιι
1653 2600 1867 2648 coloniensum.

367 2675 471 2740 rooit⁸⁸,
485 2675 512 2728 in
529 2672 664 2728 odercnda
682 2670 847 2734 :intende“,
861 2670 928 2732 etin
943 2670 1155 2725 communione:
1241 2677 1360 2745 Laetare,
1383 2676 1567 2741 Hierusalem,
1582 2686 1608 2731 ιι
1623 2689 1777 2732 contentum
1794 2679 1876 2750 [acite
1886 2697 1990 2747 amites,

369 2765 570 2833 Quiliberit⁸⁸,
587 2779 670 2819 orans
692 2777 742 2833 pro
769 2763 868 2834 populo
883 2777 945 2819 sese
958 2776 1077 2833 suosque
1091 2779 1157 2818 cou-
1206 2769 1251 2838 qui
1273 2768 1385 2838 diligitis
1408 2766 1508 2822 eom⁸⁶.
1527 2766 1622 2822 Omnis
1649 2767 1763 2824 scicntia
1788 2771 1928 2842 proprium
1950 2772 1991 2827 lo·

368 2859 484 2917 solatur.
1205 2858 1322 2928 quendi‚
1348 2858 1503 2924 scribendi,
1529 2857 1703 2928 signiticandi
1725 2862 1850 2918 eontinet
1875 2863 1988 2919 idioma.

404 2955 523 3010 Sabbato
537 2953 636 3024 legitur
659 2950 867 3021 Evangelium⁸‘
883 2949 917 3004 de
933 2951 1046 3004 muliere
1060 2949 1156 3019 depre-
1207 2945 1284 3004 Sicut
1295 2948 1430 3005 familiare
1443 2960 1484 3006 cst
1497 2951 1630 3025 theologis
1645 2967 1819 3010 numerorum
1835 2955 1991 3012 inimicitias

368 3051 453 3105 hensa
467 3048 496 3102 in
518 3044 670 3110 adulterio,
698 3044 731 3099 de
755 3044 836 3112 cujus
860 3043 995 3098 sententia
1013 3043 1115 3097 Seribae
1129 3051 1156 3098 et
1206 3043 1361 3110 praeterire,
1378 3043 1419 3098 sic
1444 3059 1493 3114 per
1515 3047 1640 3114 ejusdem
1658 3046 1865 3118 appellationi..
1888 3051 1931 3104 vel
1944 3049 1991 3104 de-

367 3139 497 3195 Pbarisaei
511 3137 656 3192 bominum
668 3135 891 3203 tentaverunt,si
903 3148 954 3204 pro
969 3134 1154 3189 misericordia
1206 3134 1414 3189 monstrationis
1442 3152 1572 3195 numeros
1594 3139 1665 3196 idem
1695 3140 1797 3211 pariter
1819 3141 1990 3212 signilicarc,

367 3234 436 3306 legis
457 3234 580 3288 obviaret
601 3229 732 3301 justitiae,
748 3228 790 3282 vel
806 3243 856 3300 pro
876 3228 983 3298 justitia
1006 3226 1155 3282 declinaret
1207 3227 1283 3281 verbi
1297 3229 1400 3298 gratia,
1425 3245 1473 3285 sex
1498 3246 1578 3300 opera
1595 3231 1788 3288 misericordie
1803 3234 1991 3305 significantur

361 3324 602 3391 misericordiam,
617 3323 717 3393 quibus
733 3321 774 3377 sie
791 3320 882 3376 obvia·
896 3319 1077 3376 mansuetudo
1091 3333 1153 3374 cum
1205 3336 1254 3391 per
1270 3319 1320 3387 ll,
1335 3331 1362 3376 et
1374 3321 1440 3389 tlt,
1456 3329 1483 3378 et
1495 3339 1543 3392 per
1558 3340 1606 3380 εει
1623 3324 1668 3392 c,
1685 3341 1731 3381 sex
1744 3326 1839 3382 millia.
1854 3326 1936 3386 Salus
1950 3340 1990 3385 ta-

363 3418 489 3490 justitia,
506 3427 537 3471 ut
552 3416 743 3471 recedentibus
754 3412 980 3479 accusatoribus,
996 3427 1067 3483 quos
1087 3427 1153 3467 cau·
1166 3429 1189 3493 c
1204 3429 1266 3468 men
1293 3412 1467 3484 perfectionis
1492 3426 1637 3485 augmento
1663 3433 1713 3487 pro
1740 3419 1862 3476 adauctae
1875 3422 1989 3478 decadis

367 3510 463 3566 teriata
476 3508 612 3565 subtrabit
626 3507 810 3570 conscientia,
835 3507 900 3561 solae
920 3510 1081 3559 remaneant
1101 3504 1154 3558 rni-
1204 3505 1399 3562 additamento.
1416 3507 1593 3579 Septuaginta
1611 3509 1693 3580 igitur
1715 3525 1802 3565 annos
1818 3509 1990 3583 Babylonica

366 3604 439 3659 seria
453 3609 480 3658 et
492 3600 692 3657 misericordia.
707 3598 776 3655 lluic
789 3597 937 3670 Evangelio
949 3612 1069 3669 congrue
1081 3613 1152 3668 prae·
1202 3594 1386 3665 captivitatis.
1401 3596 1474 3652 sicut
1488 3611 1538 3666 per
1561 3597 1733 3667 septuaginta
1758 3597 1835 3665 dies,
1857 3608 1885 3652 et
1907 3610 1990 3669 supra

366 3697 482 3752 mittitur
503 3695 585 3749 lectio
600 3692 736 3759 bariielis,
751 3691 877 3762 quamvis
902 3689 1085 3764 Hieronymus
1111 3689 1152 3745 di·
1202 3686 1339 3749 diximus,
1356 3686 1396 3741 sic
1418 3687 1501 3741 etiam
1528 3696 1554 3741 st
1570 3701 1618 3756 per
1633 3695 1736 3756 septem
1760 3684 1918 3742 llominicas
1932 3701 1989 3741 me·

366 3796 410 3841 cat
432 3785 505 3856 quod
531 3799 585 3839 non
601 3783 757 3839 inveniatur
770 3783 797 3836 iu
812 3781 956 3846 llebraico,
972 3782 1018 3836 ubi
1032 3782 1150 3852 legitur:
1202 3786 1290 3830 morat
1303 3774 1446 3842 Ecclesia,
1463 3775 1579 3845 primam
1595 3791 1732 3846 quarum,
1752 3790 1815 3831 cum
1830 3777 1867 3832 sit
1888 3776 1923 3832 ab
1937 3776 1988 3832 bac

365 3877 489 3933 Susanna
511 3892 528 3928 a
550 3874 621 3945 [nisa
636 3874 819 3928 emininott'one
833 3872 960 3926 adulterii
981 3871 1030 3926 Dei
1049 3871 1151 3925 anxilio
1202 3868 1296 3923 ultima
1321 3868 1435 3937 septima
1459 3865 1694 3939 Septuagesimam
1706 3875 1804 3937 vocat,
1823 3875 1851 3924 et
1865 3878 1985 3935 uttam,

366 3968 573 4033 liberato⁸',·at
589 3966 634 4022 illa
651 3981 699 4036 per
715 3964 1018 4029 misericordiam,ista
1033 3979 1098 4019 vero
1112 3962 1152 4017 la·
1202 3958 1424 4030 Seragesimam,
1460 3958 1583 4028 quintam
1612 3955 1890 4031 Quinquagesimam.
1916 3957 1985 4026 Quia

363 4060 529 4132 pidationent
543 4059 629 4113 evasit
646 4074 694 4129 per
705 4058 851 4128 justitiam.
876 4056 904 4110 ln
921 4058 973 4111 boc
985 4070 1049 4126 ergo
1061 4055 1150 4111 ollicio
1200 4050 1283 4120 igitur
1293 4049 1411 4119 populus
1436 4050 1464 4104 in
1481 4050 1527 4104 illa
1542 4052 1751 4121 septuagenaria
1773 4052 1928 4123 captivitate
1941 4067 1986 4108 sc·

364 4153 476 4210 obviant
497 4151 550 4208 sibi
565 4151 666 4206 veritas
684 4160 711 4205 ει
728 4147 952 4205 misericordia⁸⁸
968 4147 1062 4202 eodem
1081 4161 1151 4216 prae·
1199 4143 1254 4207 dit,
1270 4151 1297 4196 ει
1312 4141 1386 4196 [levit
1400 4157 1482 4211 super
1496 4140 1608 4197 llumina
1622 4140 1818 4216 Babylonis¹¹;
1834 4154 1861 4199 et
1873 4143 1901 4200 in
1920 4145 1984 4210 line,

364 4246 434 4301 sidio
450 4243 559 4315 pietatis
577 4244 605 4297 in
618 4242 701 4297 simili
716 4257 794 4309 sexu,
809 4241 857 4296 sed
871 4239 1027 4310 disparibus
1046 4239 1148 4294 causis.
1199 4233 1270 4304 Cyro
1283 4234 1477 4304 permittente,
1492 4233 1663 4291 laetabundus
1687 4236 1790 4303 exivit,
1805 4244 1832 4292 et
1843 4237 1985 4307 gratulans

364 4332 485 4404 Utraque
504 4333 586 4402 igitur
605 4339 667 4388 orat
680 4332 708 4387 in
725 4331 859 4397 introitu,
884 4330 1003 4385 dicens:
1024 4328 1148 4397 vertas,
1199 4327 1368 4384 Hierusalem
1394 4329 1558 4396 introivit¹⁸,
1578 4329 1640 4385 idco
1667 4344 1730 4384 cum
1754 4330 1781 4384 in
1812 4331 1900 4401 prima
1927 4330 1984 4387 Do·

362 4425 558 4488 etollerenda,
573 4424 726 4488 Greaana¹⁰,
745 4424 771 4478 in
789 4424 911 4494 graduali
927 4438 991 4479 vero
1006 4439 1036 4478 se
1048 4437 1149 4479 conso·
1199 4420 1299 4477 minica
1323 4421 1439 4490 populus
1460 4421 1613 4490 captivatus
1645 4420 1747 4477 deserit
1774 4421 1869 4477 dicens
1889 4439 1896 4477 ι
1924 4420 1986 4478 Cir-

359 4517 477 4583 latur⁸¹,
493 4517 650 4571 communio
666 4516 700 4572 de
713 4516 854 4587 evangelio
866 4520 994 4572 sumitur.
1011 4515 1042 4570 ln
1057 4514 1143 4582 buius
1198 4511 1386 4566 crrrrvdedernnt
1402 4510 1488 4577 nte⁸’,
1504 4512 1573 4567 etin
1589 4512 1709 4568 secunda
1733 4513 1853 4568 oraverit
1866 4512 1981 4570 diceus:

361 4609 467 4668 sabbati
478 4610 656 4678 completorio
668 4609 831 4678 antiphona:
845 4609 935 4664 lledr'a
948 4611 1002 4664 rito
1010 4618 1147 4675 cantatur,
1200 4603 1318 4675 Exsurge
1332 4604 1487 4671 nominet,
1512 4604 1541 4658 in
1566 4605 1644 4661 tertia
1668 4620 1776 4677 quoque
1802 4605 1922 4663 oraverit
1942 4604 1985 4661 di·

361 4704 479 4774 eoquod
492 4719 564 4759 nane
583 4703 708 4758 mediana
730 4700 951 4774 Qvtadragesimae
971 4702 1083 4775 incipiat
1102 4721 1147 4759 se-
1198 4713 1263 4755 cens
1279 4716 1287 4753 :
1302 4696 1368 4752 Esto
1383 4698 1490 4763 ninid,
1510 4699 1538 4752 in
1563 4707 1660 4769 quarta
1675 4699 1889 4756 consolationem
1905 4713 1984 4754 aoce-

360 4793 501 4863 ptimana;
522 4793 569 4864 qui
586 4809 652 4847 vero
667 4808 727 4848 eam
743 4793 770 4847 in
787 4794 950 4864 praecedenti
969 4795 1065 4864 quinta
1081 4793 1146 4851 teria
1163 4791 1288 4862 operit,
1301 4791 1408 4846 dicente
1420 4789 1538 4846 Domino
1554 4810 1561 4845 ε
1580 4789 1715 4845 lavorabis
1727 4807 1782 4856 me,
1799 4800 1825 4846 ει
1842 4805 1889 4862 ego
1903 4806 1985 4844 euv-

365 4892 489 4950 rnntant,
507 4899 653 4939 numerum
677 4862 783 4939 dieru'm
800 4885 914 4955 jejuniis
929 4885 1090 4940 afflictorum
1107 4899 1147 4940 at·
1198 4884 1272 4938 dium
1283 4884 1384 4951 eunt‘',
1401 4886 1428 4938 in
1442 4885 1537 4953 quinta
1553 4897 1663 4954 quoque
1687 4882 1806 4937 orationi
1820 4897 1918 4939 rursus
1941 4882 1983 4937 iu·

359 4975 484 5031 tendunt.
507 4972 583 5030 iisne
597 4976 690 5047 itaque
714 4974 888 5032 scholasticis
903 4977 970 5032 viris
984 4978 1036 5032 sub
1057 4976 1148 5033 brevi·
1198 4975 1298 5031 stiterit
1312 4974 1429 5032 dicens:
1447 4974 1652 5029 lientinircere⁸¹
1665 4974 1693 5030 iu
1709 4982 1785 5029 setta
1800 4988 1867 5033 vero
1879 5011 1888 5041 ,
1899 4973 1983 5030 Dario

359 5065 453 5137 loquio
468 5064 598 5121 duximus
612 5067 817 5134 experiendam:
834 5064 1001 5133 balastra,
1018 5065 1145 5122 Christus
1197 5069 1335 5126 licentiam
1360 5068 1514 5132 tribuente,
1539 5067 1755 5123 consolationem
1779 5066 1814 5124 de
1825 5067 1982 5125 reversione

358 5169 419 5223 est,
433 5158 492 5229 ipse
505 5158 577 5213 enim
594 5168 635 5213 εει
645 5158 779 5212 mediator
792 5156 839 5212 bei
850 5167 877 5212 ει
889 5156 1030 5213 bomtnum
1041 5159 1075 5226 ⁸⁸,
1088 5160 1147 5227 ipse
1197 5159 1365 5230 perceperit,
1382 5159 1498 5230 ideoque
1511 5158 1604 5213 dixit:
1623 5157 1700 5213 Oculi
1718 5157 1806 5224 mei⁸⁸,
1826 5157 1856 5213 in
1873 5158 1927 5216 bac
1938 5172 1984 5217 to-

360 5272 370 5305 a
385 5254 441 5319 via,
458 5252 558 5307 veritas
569 5261 592 5307 et
610 5251 729 5317 vita¹⁸,v
748 5252 806 5321 ipse
818 5251 928 5320 quidem
940 5261 1068 5316 sanetus,
1086 5253 1145 5322 ipse
1197 5252 1335 5322 ptimana,
1347 5259 1476 5320 tanquam
1492 5250 1519 5304 in
1533 5249 1586 5304 line
1600 5247 1812 5319 Septuagesimas
1826 5246 1983 5318 ingrediens

357 5343 446 5411 Deus,
462 5345 520 5413 ipse
542 5342 665 5410 lortis⁸⁸,
689 5344 748 5413 ipse
764 5341 920 5398 misericors
933 5350 961 5396 et
978 5341 1098 5397 salvator
1108 5344 1142 5396 ⁸⁸.
1194 5340 1346 5396 Jerusalem
1363 5339 1579 5410 gratulabundus
1591 5339 1724 5406 exsultat,
1736 5339 1831 5395 dicens
1844 5357 1851 5394 :
1864 5336 1982 5409 Lutum

355 5440 396 5493 sd
415 5437 554 5495 Christum
571 5452 636 5508 ergo
650 5450 741 5492 serino
751 5434 879 5504 dirigitur
893 5451 899 5487 :
916 5433 939 5489 0
953 5434 1039 5488 media
1050 5435 1105 5488 rito
1116 5435 1142 5490 id
1193 5432 1341 5488 Jerusalem
1349 5433 1382 5487 ⁸⁸.

355 5526 435 5580 esto
452 5527 576 5594 Christe;
593 5527 635 5582 vel
650 5527 737 5582 media
759 5525 815 5580 vita
837 5534 931 5580 sancta
947 5523 1068 5581 Trinitas
1081 5534 1141 5590 est,
1231 5525 1420 5597 septenarium
1431 5538 1540 5595 quoque
1554 5523 1618 5578 vitre
1632 5527 1783 5593 praesentis,
1799 5539 1861 5595 quae
1875 5533 1979 5595 septem

355 5628 469 5687 quaeest
492 5621 521 5674 in
545 5634 576 5675 se
601 5621 672 5685 vita,
696 5627 726 5674 et
750 5620 829 5675 nobis
845 5619 899 5674 vita
917 5619 1023 5684 media,
1048 5618 1075 5673 id
1100 5628 1142 5674 est
1193 5619 1300 5676 dierum
1313 5618 1450 5675 curriculo
1463 5616 1591 5682 volvitur,
1602 5616 1663 5683 vel,
1681 5625 1710 5671 ut
1724 5616 1859 5683 diximus,
1874 5625 1979 5687 septem

354 5708 513 5777 sufficiens,
533 5712 738 5779 etcommunis,
754 5711 787 5766 ad
800 5725 881 5782 quam
894 5724 986 5766 sermo
1001 5711 1140 5780 dirigitur;
1196 5710 1317 5765 millibus
1342 5720 1479 5763 annorum
1509 5706 1670 5775 includitur,
1694 5707 1736 5763 vel
1760 5709 1851 5778 potius
1874 5718 1980 5778 septem

388 5863 534 5940 vivant.
573 5884 685 5941 ”Num
702 5885 747 5940 ιι).
785 5884 956 5940 “idcelli
1002 5883 1110 5938 ‘'ioan.
1133 5885 1177 5940 to.
1214 5885 1315 5940 ιῬεει.
1332 5883 1377 5939 85.
1419 5883 1585 5940 ιῬειιιι.
1630 5885 1733 5942 “lsai
1757 5887 1783 5942 5.
1820 5882 1976 5940 “ιοειι.ι.

353 5954 461 6008 “inore
488 5958 514 6010 8.
554 5954 712 6010 ‘'barnlb.
750 5955 853 6010 ‘'Psal.
870 5955 915 6016 81.
962 5954 1066 6010 ιῬεεΙ.
1092 5955 1118 6009 5.
1163 5954 1528 6011 contraeuntes.
1577 5955 1752 6012 ”tulna
1801 5954 1915 6009 ’‘lnan.
1931 5955 1976 6011 tt.

353 6026 492 6081 vilarni).
540 6024 621 6078 ⁸³lsa.
638 6027 665 6080 9.
713 6026 854 6080 '‘lsabtl.
903 6024 1008 6079 ”Psal
1038 6024 1099 6086 lid.
1139 6023 1305 6082 ΙΙἸΕειιι
1345 6023 1446 6083 '’Psal.
1473 6025 1516 6085 ll.
1556 6026 1660 6085 ⁴⁰Psal.
1690 6027 1734 6082 lb.
1790 6021 1894 6080 ‘'Psal.
1929 6026 1975 6082 50.

349 6095 449 6150 ‘'Psal.
466 6095 510 6151 9⁰.
527 6172 539 6178 ,
553 6094 657 6151 ⁸¹Psal.
675 6095 720 6152 st.
760 6094 857 6150 ⁸⁸lbid.
882 6093 977 6173 „⁸'lsn
989 6094 1033 6150 66.
