4350 6709
362 588 409 642 ιιι
972 571 1127 632 unonrrrt
1146 565 1280 627 sAEctttt
1298 562 1358 621 ιιι.
1406 614 1409 621 ,
1931 539 1976 598 ⁸³²

362 707 562 772 persecutores,
575 705 602 754 et
614 698 719 753 tindens
729 694 856 767 ungulam
866 691 999 764 benignus
1009 693 1037 745 iu
1050 689 1144 751 ιιιιιι,
1159 690 1182 746 Α
1197 698 1251 739 non
1266 694 1361 750 agere;
1373 675 1420 731 sed
1434 673 1495 728 aliis
1512 671 1569 770 qui.
1581 668 1616 725 ad
1633 667 1678 722 illa
1691 662 1782 721 oiflcia
1805 655 1976 726 suscipienda

362 793 496 862 benignus
523 790 551 844 iu
568 791 733 860 proximum,
751 799 778 843 et
793 784 935 841 ruminans
957 780 1003 837 bet
1016 779 1145 843 Verbum,
1196 773 1224 826 in
1239 768 1360 825 Ecclesia
1376 764 1465 820 adhuc
1481 761 1639 819 idouesnou
1654 763 1730 819 suut,
1740 752 1799 806 base
1815 745 1924 817 agendo
1939 757 1976 798 ro·

363 899 417 938 non
433 883 504 937 sicut
528 882 574 952 qui
597 881 712 952 deglutit
725 879 803 942 illud,
825 879 862 932 ita
889 875 1020 931 mundum
1046 871 1147 926 animal
1197 864 1328 932 linquere.
1344 856 1411 912 Nam
1424 862 1451 910 ct
1464 854 1491 909 in
1508 851 1578 907 libro
1591 846 1780 908 deuterorum,
1802 839 1837 896 de
1859 850 1918 909 quo
1936 849 1977 936 ιι

364 973 422 1037 lies,
437 980 465 1028 et
477 971 541 1029 lesu
559 972 661 1029 Christi
670 970 932 1027 comedenseamem
945 973 973 1022 et
987 963 1146 1034 sanguinem
1197 953 1289 1026 90¹5*ss
1312 950 1403 1020 aliqua
1422 942 1642 1004 ¹⁰⁶¹⁰⁰¹³Vi⁰¹¹¹⁸’
1672 950 1734 993 ⁰⁰¹⁰
1760 928 1918 990 mmm
1936 923 1979 981 Μ

363 1063 460 1119 bibens
485 1062 634 1118 mutaberis
658 1061 687 1116 in
707 1061 778 1129 ipso,
795 1065 822 1113 et
849 1056 1000 1111 membrum
1023 1048 1148 1121 eorporis
1197 1051 1359 1119 pracceptum
1372 1041 1461 1096 tribus
1475 1035 1595 1094 bevitiea
1608 1033 1810 1092 numeraretur,
1833 1028 1865 1078 et
1879 1019 1917 1077 ab
1929 1033 1978 1076 ιιι

364 1157 426 1226 ejus
443 1156 583 1212 efficieris,
1159 1165 1163 1176 ·
1196 1153 1290 1195 mense
1302 1143 1330 1192 et
1340 1133 1466 1204 superius
1479 1141 1610 1186 numerus
1621 1125 1679 1196 ipse
1694 1122 1884 1220 incipereitfi
1898 1127 1980 1216 llll&

400 1247 446 1305 st.
467 1245 543 1314 Quod
554 1246 576 1300 si
591 1245 653 1316 quis
665 1242 776 1315 objiciat
787 1237 1016 1297 caathitasettan
1026 1235 1087 1289 aliis
1101 1249 1149 1288 ca·
1197 1228 1230 1284 ad
1244 1243 1302 1284 sau
1315 1224 1399 1281 millia
1413 1228 1545 1292 surgeret,
1573 1225 1662 1273 tamen
1691 1227 1745 1269 uon
1761 1216 1826 1267 suut
1844 1212 1947 1314 superati
1965 1219 1980 1260 a

364 1323 482 1400 nemeis,
494 1337 534 1391 ιιι
542 1331 929 1398 sacerdotibus,uelministris
945 1343 1026 1399 posse
1037 1339 1148 1396 compa·
1197 1337 1252 1378 ιιι
1275 1320 1355 1376 annis
1381 1323 1409 1373 et
1425 1328 1508 1385 supra
1526 1325 1613 1381 usque
1627 1309 1698 1410 adt
1717 1319 1831 1406 enubit.
1851 1316 1908 1404 ¹¹}ss
1924 1307 1980 1356 ⁰⁰¹⁰

366 1428 432 1494 rari,
456 1431 483 1483 et
497 1443 606 1482 rursum
621 1426 765 1481 Dominum
775 1422 867 1480 lesum
883 1436 991 1477 cruceni
1004 1419 1055 1477 sibi
1070 1418 1149 1487 baju-
1197 1411 1283 1466 millia
1304 1406 1444 1479 quingenti
1463 1401 1610 1474 θῡῑῠιῑιιιι.
1623 1414 1669 1470 (1¹¹¹
1690 1396 1731 1499 ad.
1744 1403 1931 1496 mlfflfflflflm
1944 1398 1979 1445 ¹²·

365 1516 465 1572 lantcm
486 1519 614 1573 omuibus
631 1515 756 1573 fidelibus
766 1516 836 1578 suis,
861 1513 907 1584 qui
922 1526 1029 1566 crucem
1045 1509 1105 1578 ejus
1119 1507 1148 1561 in
1197 1501 1337 1559 bernaeuli
1348 1499 1389 1554 rel
1400 1496 1495 1552 altaris
1508 1498 1618 1565 possent
1632 1504 1744 1554 assumt,
1764 1484 1840 1558 quod
1857 1481 1981 1555 rgrturds

365 1624 395 1664 se
408 1617 525 1678 ponam,
537 1607 762 1679 posseconlerri;
777 1614 804 1662 et
817 1602 1028 1677 egoconsentio,
1048 1606 1076 1656 ct
1089 1599 1148 1653 baec
1197 1595 1241 1651 bis
1268 1594 1315 1664 qni
1340 1590 1460 1646 minores
1474 1597 1538 1643 natu
1556 1593 1632 1640 erant
1649 1579 1791 1637 dimmusi
1817 1576 1932 1680 Nihilne
1944 1574 1980 1629 illi

364 1697 500 1754 dicentem
515 1699 646 1769 approbo,
663 1697 715 1754 sed
735 1713 790 1752 non
805 1697 932 1765 cuiquam
960 1708 1041 1764 grave
1068 1690 1149 1747 debet
1197 1685 1243 1756 qui
1259 1696 1391 1740 annorum
1405 1686 1483 1736 erant
1506 1694 1541 1733 rt
1561 1683 1590 1734 et
1611 1690 1646 1730 xx
1659 1673 1748 1744 egisse
1771 1668 1884 1726 dicendi
1906 1666 1980 1725 senti

364 1789 461 1852 rideri,
474 1789 497 1844 si
516 1788 591 1843 illum
610 1787 830 1859 propinquiorem
844 1783 1000 1842 sanctuario
1023 1778 1149 1835 interiori
1197 1779 1286 1835 Credo
1301 1785 1328 1833 et
1343 1777 1415 1842 ilios,
1430 1781 1457 1830 ιι
1470 1767 1634 1828 eredendum
1651 1773 1693 1822 est
1705 1766 1840 1820 virtutum
1856 1760 1981 1817 babuisse

363 1880 469 1951 judico,
484 1881 530 1951 qui
543 1881 671 1950 majorem
680 1879 800 1934 laborem
810 1891 860 1950 pro
869 1876 979 1931 Christo
989 1870 1147 1940 assumpsit,
1197 1870 1337 1936 exercitia,
1353 1875 1383 1923 ut
1393 1868 1421 1921 in
1435 1864 1588 1925 minoribus
1603 1859 1709 1933 probati
1720 1865 1749 1914 et
1764 1855 1923 1921 exercitati,
1937 1853 1980 1909 de·

365 1973 409 2027 rel
429 1973 453 2029 si
479 1972 554 2028 illum
582 1972 662 2043 paulo
692 1970 810 2042 amplius
833 1967 942 2024 Christo
965 1962 1146 2023 consimilem,
1198 1965 1286 2019 cimas
1304 1961 1406 2016 lrustra
1423 1973 1476 2012 uon
1492 1952 1676 2016 comederent,
1699 1951 1747 2008 sed
1772 1948 1902 2021 patribus
1927 1944 1981 2003 suis

347 2079 446 2134 quam
465 2078 508 2119 me
522 2063 550 2119 in
564 2063 625 2132 ejus
638 2077 720 2117 croee
737 2059 869 2131 portanda
880 2055 1005 2119 dixerim,
1028 2052 1074 2124 qui
1091 2064 1149 2105 ma·
1162 2020 1185 2081 B
1198 2054 1354 2119 obedientes
1368 2057 1395 2108 et
1408 2048 1548 2104 humiliter
1563 2046 1755 2114 obsequentes,
1773 2041 1830 2096 illis
1843 2038 1942 2094 laxatis
1950 2036 1980 2091 ab

362 2159 450 2230 iorem
464 2171 545 2227 quam
561 2169 611 2224 ego
631 2153 722 2209 oneris
735 2152 808 2207 illius
829 2148 945 2220 piissimi
958 2154 1061 2219 partem
1079 2142 1149 2198 arri·
1199 2145 1298 2207 odleio,
1315 2141 1504 2212 unusquisque
1516 2138 1640 2209 pronitas
1654 2135 1751 2191 merito
1765 2131 1838 2205 patri
1853 2129 1980 2186 suceede-

365 2249 435 2320 pnit.
446 2247 514 2303 Cum
529 2245 602 2302 enim
614 2260 657 2300 me
667 2243 784 2314 amplius
793 2242 916 2312 vigilant,
926 2239 1061 2310 jejunant.
1073 2235 1150 2290 labo·
1198 2245 1249 2294 ret.
1268 2233 1307 2290 lta
1319 2244 1347 2292 et
1359 2234 1404 2289 bie
1417 2239 1506 2304 potest
1520 2230 1589 2296 lieri,
1609 2235 1639 2284 ut
1658 2228 1682 2284 si
1704 2232 1768 2282 sunt
1782 2222 1870 2294 aliqui
1886 2221 1980 2277 ιιιιιιι

364 2347 438 2402 rant,
454 2339 554 2409 algent,
569 2344 596 2392 et
611 2344 641 2391 ut
661 2335 695 2389 ad
708 2333 832 2404 digniora
846 2331 963 2395 reniam,
982 2345 1045 2385 eum
1059 2327 1150 2383 bomi·
1199 2328 1226 2381 iu
1240 2325 1372 2390 Ecclesia,
1387 2323 1434 2395 qui
1445 2321 1479 2377 ad
1493 2322 1539 2375 illa
1558 2327 1653 2376 sancta
1669 2312 1811 2370 tractanda
1826 2311 1919 2367 adbuc
1933 2312 1980 2365 mi*

364 2425 450 2480 liores
468 2432 495 2479 ct
509 2424 684 2494 pauperiores
700 2437 750 2492 pro
762 2421 874 2478 cbristo
888 2429 962 2482 sunt,
977 2418 1029 2475 sub
1041 2408 1150 2474 sarcina
1198 2435 1251 2476 nus
1265 2417 1355 2473 idonei
1367 2417 1432 2479 sint,
1448 2415 1474 2470 in
1490 2413 1550 2470 istis
1561 2426 1621 2484 quae
1634 2408 1812 2466 bumilitatem
1826 2412 1979 2466 exerceant,

365 2515 413 2570 illa
432 2514 557 2586 piissima
572 2513 650 2583 quasi
664 2512 776 2568 altiores
801 2517 828 2567 et
852 2497 1037 2566 lortiores'in
1059 2507 1150 2564 medio
1198 2518 1226 2566 et
1250 2507 1405 2580 superbiam
1435 2505 1579 2576 irangant,
1605 2507 1798 2561 exerceantur,
1830 2506 1862 2552 ut
1893 2502 1980 2567 postea

365 2612 494 2661 curvatos
508 2605 632 2670 intusum
646 2619 688 2658 me
702 2611 867 2658 autemeam
879 2600 1010 2673 ipsissob
1024 2600 1151 2670 ipsasar-
1199 2600 1320 2659 emeritis
1351 2597 1463 2655 senibus
1486 2592 1702 2667 quiescentibus.
1729 2598 1757 2647 et
1783 2601 1862 2651 rasa,
1890 2585 1919 2641 id
1943 2591 1981 2641 est

364 2694 427 2747 eina
442 2691 519 2762 quasi
533 2692 675 2747 humiliore
686 2692 812 2748 humeros
825 2690 996 2756 submisisse,
1011 2697 1038 2745 et
1053 2705 1150 2746 manus
1199 2694 1341 2749 ministros
1367 2690 1443 2761 ipsos
1468 2690 1511 2743 rel
1534 2685 1626 2742 lideles
1653 2695 1776 2755 quosque
1806 2677 1981 2736 custodienti·

364 2783 502 2854 posuisse.
510 2790 537 2838 et
545 2783 655 2838 braelria
664 2783 821 2846 tetendisse,
830 2790 860 2838 ot
868 2781 1081 2852 infirmiorqood
1090 2796 1151 2852 pos·
1200 2783 1322 2853 liusjure
1335 2780 1493 2837 succedant.
1520 2775 1560 2832 llli
1577 2790 1641 2833 tero
1652 2789 1703 2832 sua
1718 2771 1806 2829 ollieia
1823 2785 1888 2842 qum
1905 2784 1978 2825 mun·

367 2889 424 2928 sem
436 2872 525 2927 faeere
537 2872 651 2942 aspicio.
665 2870 734 2926 Sunt
747 2873 819 2928 enim
832 2873 883 2942 ipsi
903 2873 980 2933 tales,
998 2872 1044 2943 qui
1059 2871 1151 2927 humi·
1199 2875 1294 2932 ‹litiam
1310 2872 1427 2927 maxime
1438 2874 1579 2939 expetunt,
1600 2867 1629 2922 iu
1643 2862 1771 2921 omnibus
1785 2862 1933 2917 bonorent.

365 2965 468 3020 litatem
478 2965 583 3034 integre
593 2972 620 3020 ιι
633 2963 874 3034 purecustodiant,
890 2965 925 3018 ita
940 2971 969 3020 ut
980 2980 1040 3034 quae
1054 2964 1150 3020 viliora
1234 2965 1280 3023 59.
1298 2965 1375 3032 Quod
1390 2965 1413 3020 si
1423 2963 1491 3018 milri
1501 2960 1575 3017 dicat
1585 2958 1694 3030 aliquis,
1705 2955 1769 3027 quia
1780 2952 1875 3010 omnia
1886 2949 1981 3007 nsuodt

365 3072 416 3127 pro
431 3056 561 3111 iratribus
576 3063 667 3126 agant,
691 3055 809 3117 stabula,
832 3063 862 3111 ιι
883 3056 1047 3122 ιιιιιιιιιι,
1070 3070 1151 3110 urun-
1199 3060 1320 3115 mundis.
1337 3056 1370 3112 lit
1383 3072 1433 3127 ego
1449 3052 1537 3120 iareo,
1554 3053 1601 3110 sed
1613 3050 1723 3122 requiro
1735 3057 1826 3103 utrum
1842 3046 1981 3102 indumen·

365 3149 474 3210 dantes,
496 3155 524 3203 et
539 3156 637 3205 oaetera
650 3146 891 3216 contemptibilium
905 3162 1045 3202 serrorum
1062 3145 1149 3204 ollicic
1200 3162 1227 3208 ta
1248 3153 1292 3207 illa
1309 3151 1410 3222 quibos
1427 3148 1462 3204 ad
1471 3148 1555 3202 altare
1566 3143 1710 3206 accedunt,
1726 3140 1827 3197 munda
1842 3140 1926 3196 etiam
1938 3153 1982 3194 et·

367 3241 548 3312 perficientes.
575 3240 633 3298 Non
662 3241 734 3296 enim
758 3238 939 3309 dedignantur
963 3238 1080 3304 subula,
1107 3237 1151 3293 ιιι
1200 3245 1287 3301 terius
1300 3257 1360 3299 esse
1375 3241 1501 3305 debeant,
1513 3238 1555 3294 ιιι
1569 3251 1623 3309 ιιι
1634 3250 1700 3292 eura
1711 3234 1981 3307 corporaliaetntan-

366 3334 461 3396 boum,
475 3334 668 3403 asinorumque
682 3332 811 3402 praesepia
826 3330 967 3397 mundare,
980 3346 1042 3386 eum
1061 3331 1185 3422 legante
1200 3335 1258 3389 tilia
1273 3350 1321 3390 seu
1332 3331 1503 3403 manutergia
1517 3327 1657 3386 tractanda
1673 3329 1738 3384 siut.
1759 3324 1789 3382 Si
1809 3341 1875 3383 sero
1886 3324 1981 3381 munda

365 3427 394 3483 ιιι
410 3425 556 3497 Evangelio
576 3425 720 3481 Dominum
740 3439 819 3480 situm
840 3432 950 3494 timide?
965 3437 1017 3478 ¹¹⁰⁸
1032 3423 1060 3477 ιιι
1077 3438 1149 3494 lilae·
1200 3447 1231 3488 ea
1245 3444 1306 3487 esse
1320 3437 1436 3501 oportet,
1454 3429 1526 3484 sient
1540 3427 1622 3482 etiam
1641 3426 1669 3480 in
1689 3422 1858 3494 accipiendis
1880 3419 1981 3478 ordini·

366 3517 442 3587 sepio
456 3516 594 3586 dignatum
608 3515 710 3584 jacere.
729 3513 873 3570 Sectantur
885 3515 967 3568 etiam
983 3522 1009 3569 et
1021 3512 1074 3584 ipsi
1090 3523 1150 3568 tan-
1200 3521 1251 3577 bns
1276 3518 1452 3575 subdiaconis
1474 3515 1633 3588 iniungitur,
1660 3522 1690 3569 ut
1707 3529 1739 3570 ca
1755 3512 1859 3568 munda
1874 3511 1981 3572 iaciant,

366 3615 424 3662 tum
444 3608 516 3662 eirca
529 3607 706 3663 adventantes
719 3604 930 3675 hospitalitatem
950 3611 979 3659 et
996 3603 1150 3659 lrumanita-
1199 3619 1302 3682 quanm
1317 3610 1404 3681 magis
1414 3624 1512 3664 manus
1526 3622 1585 3677 quae
1599 3621 1699 3677 eorpus
1709 3604 1810 3661 Christi
1825 3603 1981 3667 conticium,

366 3708 431 3763 tern,
447 3700 603 3756 utdbralrae
629 3708 656 3756 et
679 3697 729 3753 Lot
755 3697 912 3753 consimiles
930 3695 993 3767 jure
1013 3695 1148 3763 dicantur,
1199 3710 1325 3774 tangunt,
1347 3701 1464 3765 elevant,
1489 3706 1608 3769 portant,
1633 3699 1847 3768 amplectuntur.
1863 3695 1926 3752 aliis
1937 3695 1983 3749 eri.

366 3792 413 3863 qui
438 3790 584 3861 aliquando
612 3790 723 3862 angelos
737 3795 926 3859 susceperunt,
950 3788 1015 3859 quia
1029 3787 1150 3856 bospites
1200 3796 1298 3859 bunnia,
1314 3794 1422 3849 mundae
1447 3794 1567 3847 exterius
1594 3792 1733 3848 servandae
1761 3789 1845 3846 sunt?
1867 3787 1982 3856 Quodsi

366 3884 529 3940 dilexerunt.
551 3881 657 3937 liabent
670 3882 751 3937 etiam
767 3882 794 3935 iu
810 3881 882 3936 rictu
896 3880 1031 3937 etrestitu
1045 3885 1149 3933 tautam
1200 3887 1331 3943 mundare
1341 3887 1382 3943 ets
1397 3885 1493 3942 domos
1504 3885 1601 3955 placet,
1617 3883 1717 3938 habent
1731 3882 1812 3938 etiam
1827 3881 1881 3952 ipsi
1897 3881 1925 3935 in
1935 3880 1983 3935 boc

366 3974 565 4038 austeritatem,
576 3972 745 4031 utloannenr
761 3970 909 4041 Baptistam
923 3970 1024 4024 imitari
1037 3970 1150 4025 mtean·
1200 3978 1319 4035 officium
1335 3993 1426 4043 snum,
1449 3984 1479 4031 us
1493 3974 1625 4030 mundare
1641 3974 1758 4030 debeant
1772 3973 1899 4028 ecclesias
1913 3969 1983 4043 pari-

367 4076 422 4126 tur,
438 4066 483 4134 qui
499 4072 579 4119 natus
590 4065 623 4119 de
635 4062 794 4118 sacerdotali
807 4063 902 4133 stirpe,
916 4062 1150 4118 consortia-saecu·
1199 4078 1332 4135 mentum,
1356 4083 1411 4123 non
1433 4082 1564 4138 equorum
1581 4065 1699 4121 stabula.
1715 4062 1786 4134 Lege
1799 4063 1827 4117 in
1844 4062 1916 4118 libro
1931 4060 1983 4116 lla-

368 4155 466 4208 latium
482 4152 612 4225 fugiebat,
641 4161 668 4209 et
693 4153 755 4222 pilis
775 4153 879 4208 tomelli
900 4168 1023 4222 zonaque
1037 4152 1150 4222 pellicea
1199 4158 1384 4223 ebabaeorum,
1413 4158 1459 4213 ubi
1486 4154 1661 4228 elegitlodas
1676 4155 1834 4210 sacerdotes
1851 4134 1912 4211 siue
1930 4167 1983 4209 ma·

367 4246 543 4309 vestiebatur,
569 4253 596 4300 et
617 4244 669 4299 ruel
692 4244 816 4300 silvestre
837 4245 1004 4300 comedebat.
1030 4242 1069 4299 Ne
1086 4257 1150 4299 vero
1199 4251 1273 4313 cula,
1289 4249 1456 4304 voluntatem
1470 4248 1601 4304 babentes
1615 4246 1721 4319 inlege,
1738 4254 1766 4301 et
1784 4245 1984 4301 mundaverunt

366 4353 416 4409 per
432 4337 633 4409 multiloquium
655 4344 795 4406 peecatum
819 4336 971 4401 incurrant,
983 4337 1048 4408 juge
1066 4336 1150 4392 silen-
1200 4350 1305 4398 sancta.
1323 4338 1531 4397 Sanetusetiam
1547 4338 1727 4412 Hieronymus
1746 4335 1983 4394 incommutatio

367 4430 435 4485 tium
449 4439 550 4493 tenere,
575 4428 618 4485 ιιι
635 4443 721 4499 pauca
738 4428 812 4499 loqui
831 4428 968 4494 dicontur,
990 4439 1020 4483 nt
1046 4428 1149 4484 cultum
1200 4433 1322 4491 llottlrrei
1336 4432 1525 4490 sacerdotibus
1540 4432 1697 4502 exprobrat,
1712 4429 1784 4502 qood
1799 4446 1863 4486 cum
1878 4429 1985 4486 debeis·

363 4523 478 4594 justitiae
495 4523 606 4580 omniuo
621 4532 779 4594 sequantur.
796 4521 889 4579 Laudo
910 4520 1088 4592 professionis
1099 4521 1149 4577 bu·
1200 4534 1261 4584 sent
1285 4526 1403 4597 parietes
1435 4525 1563 4596 lenigare,
1591 4523 1745 4594 pavimenta
1772 4536 1895 4588 uerrere,
1924 4534 1985 4578 rasa

364 4617 411 4688 jos
427 4616 686 4688 magnanimitatem,
708 4616 825 4686 praedico
839 4630 901 4686 erga
914 4614 1037 4686 eorporis
1056 4622 1149 4669 auste-
1200 4617 1342 4683 mundare,
1361 4625 1425 4671 tu'ne
1441 4616 1575 4671 iaciebant
1589 4614 1733 4670 eonsilium
1748 4629 1804 4687 quo
1818 4617 1902 4671 modo
1915 4612 1986 4670 oesi-

365 4713 485 4774 ritatem,
504 4723 565 4765 amo
586 4715 689 4763 tantam
710 4723 805 4764 eorurn
821 4707 1011 4768 humilitatem,
1032 4705 1150 4763 aedme-
1165 4702 1186 4757 Ι)
1200 4707 1295 4765 dorent
1309 4707 1465 4763 Dominum.
1486 4705 1557 4762 Eece
1576 4705 1660 4762 babes
1673 4706 1701 4762 in
1720 4705 1887 4764 mundandis
1901 4705 1985 4762 eoois·

366 4802 431 4856 dum
447 4801 475 4854 in
490 4800 618 4856 omnibus
637 4799 783 4857 tenendum
808 4814 870 4856 esse
891 4797 1048 4871 pronuntio.
1079 4795 1148 4854 Cum
1199 4800 1247 4856 siae
1261 4799 1411 4871 parietibus
1439 4797 1482 4854 vel
1507 4797 1670 4868 pavimentis
1695 4797 1872 4868 antiquorum
1895 4816 1984 4856 esem-

366 4893 533 4949 eninraudio
557 4893 713 4948 sacerdotes
732 4900 759 4948 et
777 4891 865 4960 ipsum
877 4891 959 4946 etiam
979 4888 1105 4945 abbatem
1121 4888 1149 4942 in
1199 4892 1290 4963 plum,
1323 4905 1393 4962 quos
1425 4888 1526 4945 imitari
1556 4888 1701 4944 bumilitati
1729 4905 1785 4944 noo
1812 4891 1868 4946 erit
1895 4891 1985 4947 iuimi-

368 4984 421 5038 boe
432 4983 527 5038 ordine
542 4983 747 5047 canonicorum,
768 4982 816 5053 qui
829 4982 908 5053 longe
927 4983 982 5035 sita
997 4989 1025 5036 ιι
1036 4994 1150 5036 conver·
1199 4997 1273 5048 curn,
1286 4990 1314 5038 et
1326 4980 1466 5037 munditiae
1480 4981 1700 5052 reverentiaque,
1712 4996 1774 5052 quas
1787 4984 1898 5054 corpori
1908 4981 1987 5039 Clari·

368 5074 500 5131 satiouea
513 5074 729 5131 sacularibusse
741 5072 1040 5136 iaciunt,inilloetiam
1054 5072 1150 5129 ordine
1197 5075 1236 5132 sti
1259 5074 1342 5132 etiam
1369 5073 1397 5130 in
1414 5073 1596 5131 exterioribus
1621 5073 1766 5139 debentur,
1786 5088 1845 5131 non
1865 5075 1919 5132 erit
1938 5075 1985 5133 ad-

368 5166 563 5222 mooaeborum
576 5166 623 5237 qui
638 5166 763 5221 similiter
777 5167 918 5232 secedunt,
940 5164 974 5220 de
996 5180 1052 5236 quo
1069 5179 1151 5233 supe-
1200 5181 1322 5223 uersum.
1396 5214 1403 5228 ,

367 5255 427 5313 rius
441 5257 629 5319 tractavimus,
646 5256 688 5310 lac
705 5256 739 5310 de
752 5256 849 5311 ovibus
863 5255 921 5311 suis
942 5254 1073 5326 mulgere,
1094 5261 1151 5308 sta·
1233 5264 1279 5320 ιι),
1291 5263 1369 5331 tiuod
1384 5264 1408 5321 si
1417 5263 1490 5320 dieat
1499 5263 1598 5334 aliquis
1610 5262 1751 5320 ablutione
1764 5279 1845 5337 aqua·
1856 5265 1920 5322 ilias
1930 5280 1985 5322 sor·

367 5345 432 5402 bula
447 5346 590 5411 mundare,
603 5348 647 5403 vis
659 5363 769 5418 possum
785 5346 905 5412 eredere,
920 5345 968 5402 sed
983 5354 1072 5402 tamen
1087 5363 1150 5403 eum
1201 5352 1249 5410 des
1266 5367 1350 5426 supra
1362 5361 1526 5410 memoratas
1537 5354 1591 5409 eito
1604 5352 1739 5418 mundari,
1750 5354 1814 5424 quid
1826 5354 1912 5412 eritsi
1921 5354 1984 5409 tatia

367 5438 420 5494 boe
437 5439 886 5505 veltanrlemcredo,bumilitatem
900 5447 1151 5495 eorumreneroret
1200 5442 1369 5511 inhaeserint,
1398 5458 1459 5513 quae
1484 5457 1539 5498 non
1563 5443 1618 5499 eito
1645 5442 1851 5500 recedantiEt
1871 5443 1939 5517 quid
1951 5444 1983 5499 de

367 5531 499 5589 admiror.
511 5531 594 5588 llideo
601 5534 674 5589 enim
685 5533 746 5589 illos
756 5533 813 5587 baec
824 5532 884 5587 ideo
893 5547 982 5603 agere,
989 5532 1151 5603 utsuperbia
1200 5537 1369 5595 vestimentis
1387 5535 1566 5607 quotidianis,
1582 5551 1644 5592 enm
1659 5537 1759 5607 quibus
1778 5541 1939 5596 necessario
1951 5536 1983 5592 ad

366 5620 396 5677 ill
408 5622 448 5679 05⁸
460 5624 571 5679 omnino
584 5622 777 5688 contundatur,
791 5628 818 5678 θῑ
831 5623 970 5678 humilium
985 5623 1114 5695 erigatur.
1201 5632 1287 5686 altare
1311 5629 1461 5693 acceditur,
1486 5629 1509 5685 si
1530 5628 1632 5685 talibus
1651 5628 1779 5685 sordibus
1804 5627 1984 5686 inficiantur?

362 5733 365 5739 ·
402 5714 448 5770 38.
468 5713 674 5772 Vellenrtamen
693 5715 802 5785 eosqui
826 5715 900 5770 eirca
928 5716 1013 5771 altare
1030 5714 1152 5786 quotidie
1200 5720 1261 5779 Non
1273 5721 1344 5778 enlm
1356 5718 1477 5793 quotidie
1491 5727 1607 5790 pessunt
1621 5720 1680 5791 ipsa
1698 5719 1809 5777 mutari.
1823 5718 1856 5776 Si
1867 5719 1983 5778 renodi·

369 5805 538 5872 ministrant.
557 5817 584 5862 ti
598 5807 715 5863 maxime
730 5807 792 5864 illos
805 5807 851 5878 qai
869 5807 990 5880 quotidie
1000 5806 1151 5879 proollieio
1201 5823 1246 5870 cat
1260 5811 1350 5869 adbuc
1360 5811 1459 5883 aliquis
1481 5810 1510 5867 in
1525 5810 1712 5878 interioribus,
1728 5797 1782 5868 non
1799 5811 1982 5870 exterioribus

370 5897 516 5954 sacerdotii
528 5914 629 5969 eorpus
642 5898 744 5956 Cbristi
764 5906 893 5965 tractant,
921 5899 958 5957 ob
973 5899 1152 5956 reverentiam
1202 5903 1301 5960 debere
1323 5918 1386 5960 esse
1401 5901 1581 5970 munditiam,
1596 5911 1624 5959 et
1641 5904 1706 5976 quia
1724 5902 1805 5960 lesus
1825 5903 1855 5960 in
1874 5903 1982 5977 ηςιιιιι

371 5985 458 6057 ipsius
468 5990 604 6061 eorporis,
620 5988 685 6064 quia
697 5990 766 6047 nibil
779 5989 907 6049 mundius
918 6006 979 6049 esse
993 5997 1092 6064 potest,
1112 5991 1151 6048 ita
1202 6001 1298 6055 nostra
1311 5992 1406 6052 sordes
1422 5994 1581 6063 exteriores,
1593 5995 1666 6055 sieut
1682 5995 1780 6053 tamem
1793 6002 1822 6052 et
1836 5995 1913 6054 sitim
1933 6008 1982 6067 pto
