4350 6709
304 489 375 549 tuus

791 504 951 594 insuetus
972 508 1191 568 nuttsh'ontltt
1212 513 1433 578 eonrlrtetttt.

1855 527 1925 583 {006

303 625 412 682 quoque
427 612 575 684 imperator
589 619 692 689 scripto
714 636 776 676 eum
799 623 938 680 damnarit
957 642 1019 681 com
1032 625 1088 682 lio·
1103 632 1127 689 A
1140 643 1189 685 rus
1207 644 1256 700 pro
1275 633 1356 689 domo
1374 633 1422 692 Dei
1441 640 1609 709 opposuerit,
1626 641 1723 697 exinde
1742 652 1825 712 patet.
1841 645 1923 701 hatita

301 709 383 775 gusta
398 711 486 760 matre
507 705 638 774 Placidr'a,
654 716 679 764 ct
697 714 788 769 omnia
810 717 1087 786 praediasacultatum

301 795 372 866 ejus,
398 795 499 854 tuturis
525 800 558 855 de
581 802 681 858 talibus
705 805 859 864 hominibus
882 811 951 865 daus
972 810 1086 868 turmam

300 887 338 941 ita
354 886 482 953 faciendi,
501 885 630 950 Ecclesiae
645 897 785 954 catholice
800 903 927 958 serravit.
952 898 1030 958 Hune
1046 905 1087 976 ip-

300 980 361 1034 sum
374 978 501 1045 ansnur,
517 997 583 1040 rrrrtu
608 988 702 1045 divino
724 1001 872 1060 mortuum,
890 1005 983 1066 postea
999 1000 1088 1054 mani-

299 1068 352 1126 bus
368 1073 426 1128 snis
440 1091 501 1130 cunr
517 1073 723 1154 ¹linteaminibus
736 1096 763 1139 et
778 1089 946 1144 aromatibus
962 1097 1085 1148 tractans

298 1165 424 1234 sepelivit
449 1170 520 1238 apud
546 1171 576 1228 B.
599 1171 708 1231 Petrum
728 1194 745 1228 ι
765 1172 825 1234 hat.
850 1180 937 1252 April.
959 1181 1085 1240 (latrones

298 1258 396 1311 statuit
420 1270 546 1329 qrratnor.
569 1263 592 1320 l.
614 1265 666 1333 Qui
690 1285 744 1324 non
757 1272 813 1325 sint
828 1272 975 1343 recipiendi
989 1277 1023 1331 ad
1039 1291 1086 1332 ac·

297 1349 467 1405 cusationem
487 1356 669 1412 sacerdotum.
689 1354 716 1414 ι.
738 1360 775 1416 be
798 1366 949 1434 peregrinis
971 1367 1083 1436 judiciis

296 1442 453 1513 prohibitis.
474 1445 501 1502 ὅ.
514 1445 552 1503 lte
566 1452 756 1521 appellatione.
778 1455 806 1511 ι.
818 1456 856 1513 De
870 1459 992 1528 pulsatis.
1010 1460 1082 1534 Spur-

296 1535 367 1590 odos
397 1537 505 1606 itaque,
532 1557 593 1595 cnm
611 1543 742 1613 dixisset,
769 1564 823 1604 non
848 1552 929 1608 licere
952 1554 1083 1613 adversus

295 1627 451 1698 pontificem
468 1637 630 1690 sententiam
648 1638 723 1703 dare,
739 1643 861 1698 surrexit
882 1647 1008 1715 protinus
1031 1649 1083 1704 im·

295 1728 416 1790 perator,
432 1730 459 1778 et
476 1722 503 1778 in
523 1728 638 1783 arbitrio
653 1731 759 1801 praelati
774 1736 912 1804 pontilicis
926 1740 1024 1796 tribuit
1036 1742 1082 1811 ju·

294 1812 387 1869 dicare
398 1815 532 1883 judicium
546 1836 636 1877 snum.

331 1898 434 1960 xhttt.
460 1906 514 1962 Leo
539 1909 646 1979 doctor,
669 1917 779 1974 natione
803 1918 922 1988 Tuscus,
945 1941 978 1980 cx
1004 1935 1081 1994 patre

295 1989 452 2058 Quintiano.
472 1996 565 2054 hunos
584 2016 640 2065 ιιι,
659 2018 767 2062 menses
786 2005 871 2064 serore
889 2025 919 2073 u,
938 2015 1076 2082 usquead

294 2100 396 2141 annum
411 2074 517 2143 Domini
528 2106 593 2147 ιιιι.
603 2094 688 2164 Cujus
704 2096 1077 2163 industriaChalcedorrensis

292 2178 413 2249 synodus
427 2195 528 2234 nexunt
547 2186 719 2242 sacerdotum
737 2190 788 2245 sub
806 2191 939 2248 llartiano
954 2197 1077 2268 principe

291 2268 385 2324 habita
399 2279 454 2340 est,
478 2273 505 2327 in
520 2285 573 2345 qua
597 2277 728 2335 Eutichen
743 2282 1076 2357 Constantinopolitanum

290 2361 416 2419 abbatem
436 2360 518 2421 Verbi
540 2367 587 2424 nei
604 2378 631 2425 et
651 2374 744 2430 earnis
762 2392 844 2432 unam
865 2389 990 2436 naturam
1013 2398 1077 2452 pro·

289 2455 472 2522 nuntiantem,
492 2464 519 2512 et
537 2460 597 2530 ejus
617 2461 789 2522 defensorem
809 2467 969 2526 Dioscornm
986 2489 1076 2544 quon·

288 2546 351 2600 dam
374 2545 588 2606 Alexandrinum
613 2555 782 2628 episcopum,
807 2569 834 2616 et
860 2562 949 2632 ipsum
976 2579 1074 2623 rursus

287 2633 443 2694 Nestorium
462 2658 523 2696 curn
540 2645 654 2716 reliquis
672 2649 809 2706 haereticis
823 2667 917 2709 eorum
934 2658 1076 2728 complici·

288 2728 351 2795 bus,
364 2747 417 2787 una
429 2728 541 2789 Petrum
554 2741 689 2794 sententia
701 2743 908 2811 praedamnavit,
921 2749 1074 2818 praedicans

286 2823 381 2878 eadem
398 2822 529 2897 synodus,
544 2822 682 2887 Christum
694 2833 778 2890 iteum
795 2836 836 2892 sic
852 2845 946 2913 natum
962 2841 995 2898 de
1010 2841 1074 2899 liir-

285 2901 360 2986 gine‚
378 2923 407 2971 ot
425 2933 477 2971 nna
496 2936 624 2991 persona.
641 2932 667 2979 et
685 2923 784 2982 divinae
801 2939 827 2985 et
844 2929 970 2988 humane
988 2936 1073 2990 cauil-

285 3007 369 3061 tenda
385 3009 420 3064 sit
435 3017 546 3068 naturae.
562 3011 589 3068 ln
605 3015 655 3071 lrac
671 3019 776 3090 synodo
791 3019 841 3075 luit
856 3021 994 3082 luvenalis
1010 3025 1073 3084 ilie·

285 3100 517 3172 rosolymitauus,
543 3105 706 3167 hnatlrolius
730 3111 1070 3189 Constantinopolitanos,

285 3191 333 3262 qui
350 3193 531 3251 condemnata
551 3201 713 3280 arrctoritate
732 3207 818 3261 sancti
841 3206 952 3277 Leonis,
974 3213 1071 3272 heresi

1139 734 1202 774 eum
1223 723 1302 791 juxta
1325 724 1449 783 llintiom
1473 729 1586 785 dorium
1607 731 1653 787 ubi
1675 734 1701 787 in
1724 732 1826 791 Padum
1854 738 1922 802 ituit,

1139 812 1294 870 consistens
1307 816 1433 875 haesitare
1444 822 1537 891 erepit,
1551 831 1641 876 utrum
1654 822 1767 878 huniam
1780 826 1876 890 adiret,
1889 844 1922 882 an

1138 902 1302 963 desisteret?
1316 908 1371 964 nbn
1387 912 1459 976 urbi,
1476 913 1519 968 eui
1535 914 1652 970 infestus
1667 923 1736 977 erat,
1752 933 1868 986 parcens
1881 922 1923 978 acl

1137 998 1294 1062 consulens,
1316 1001 1365 1056 sed
1390 999 1539 1060 Athalarici
1561 1007 1714 1076 exemplum
1740 1024 1852 1079 pariens,
1873 997 1922 1083 *qni

1136 1096 1223 1158 captae
1241 1104 1256 1142 a
1274 1105 1303 1144 se
1322 1091 1382 1146 urbi
1401 1109 1456 1148 non
1474 1093 1578 1150 diutins
1596 1099 1758 1166 superuixit,
1779 1102 1922 1165 sanctissiq

1137 1195 1197 1235 mus
1221 1179 1275 1236 Leo
1297 1198 1365 1253 papa
1388 1185 1440 1239 sibi
1463 1188 1594 1242 occurrit.
1616 1188 1667 1254 Qui
1689 1205 1750 1244 curn
1773 1185 1807 1245 ad
1831 1209 1921 1265 regern

1136 1271 1282 1327 barbanum
1302 1275 1487 1347 introgressus
1502 1287 1586 1344 esset,
1603 1290 1703 1337 cuncta
1723 1291 1752 1337 ut
1768 1293 1921 1355 optaverat,

1135 1363 1273 1431 obtinens,
1288 1384 1341 1422 non
1357 1369 1445 1424 solum
1462 1368 1563 1433 Romae,
1579 1370 1668 1428 sedet
1684 1375 1768 1431 totius
1782 1372 1866 1433 ltaliae
1877 1394 1922 1434 sa·

1134 1456 1219 1512 lutcm
1233 1461 1391 1529 reportarit.
1406 1459 1530 1517 Territus
1545 1478 1662 1534 namque
1675 1475 1742 1520 rnrtu
1757 1465 1804 1522 Dei
1819 1468 1919 1534 iuerat,

1134 1562 1185 1602 nec
1203 1545 1276 1602 aliud
1293 1549 1395 1606 Christi
1416 1553 1551 1607 sacerdoti
1573 1555 1646 1625 loqui
1666 1557 1761 1622 valuit,
1779 1551 1831 1614 nisi
1848 1559 1920 1630 quod

1134 1637 1192 1706 ipse
1219 1640 1390 1709 praeoptarit.
1414 1637 1512 1695 Fertur
1537 1657 1656 1713 uamqne
1680 1654 1742 1714 post
1767 1645 1920 1702 discessum

1134 1730 1270 1799 pontilicis
1289 1733 1488 1802 interrogatum
1505 1750 1566 1790 csse
1581 1734 1705 1798 Attilam,
1722 1751 1772 1790 cur
1788 1736 1858 1792 ultra
1875 1750 1921 1795 so·

1133 1821 1210 1875 litum
1235 1836 1338 1878 morem
1363 1830 1467 1879 tanturn
1492 1828 1671 1882 reuerentiam
1696 1825 1820 1883 Romano
1844 1831 1921 1884 exhi·

1132 1914 1220 1969 buerit
1235 1928 1322 1986 papae,
1334 1915 1555 1986 ‹parandoqnideur
1572 1918 1605 1972 ad
1620 1920 1722 1980 omnia,
1739 1937 1799 1991 qrrae
1811 1921 1857 1976 ille
1869 1924 1922 1976 im·

1132 2013 1264 2075 parasset,
1288 2006 1514 2077 obtemperasset,
1538 2024 1629 2080 regem
1653 2007 1840 2080 respondisse,
1864 2029 1919 2069 non

1130 2110 1161 2152 se
1174 2096 1245 2164 eins,
1260 2098 1306 2168 qui
1323 2096 1476 2163 advenerit,
1491 2111 1636 2171 personam
1651 2105 1768 2155 ueritum
1783 2119 1855 2166 esse,
1871 2105 1919 2159 sud

1129 2189 1213 2242 alium
1237 2202 1267 2244 se
1290 2190 1379 2244 uirum
1400 2191 1478 2261 juxta
1498 2207 1560 2247 eum
1584 2191 1727 2247 inhabito
1753 2191 1917 2252 sacerdotali

1128 2287 1262 2337 astantem
1276 2282 1388 2350 uidisse,
1403 2282 1489 2338 torma
1506 2286 1675 2355 angustiore,
1689 2287 1790 2341 canitie
1802 2302 1918 2343 uenera-

1128 2372 1221 2440 bilem,
1245 2373 1377 2444 illumque
1400 2377 1546 2446 evaginato
1571 2375 1661 2446 gladio
1684 2377 1737 2432 sihi
1760 2378 1919 2436 terribiliter

1128 2471 1243 2520 mortem
1266 2465 1449 2531 minitantem,
1471 2467 1524 2522 nisi
1548 2476 1659 2533 cuncta,
1680 2484 1741 2539 quas
1762 2470 1915 2540 expetebat,

1127 2557 1272 2627 explesset.
1285 2555 1325 2612 lta
1340 2559 1424 2615 Attila
1438 2576 1454 2614 a
1467 2576 1517 2616 sua
1533 2562 1635 2616 saevitia
1653 2578 1805 2633 repressus,
1820 2564 1916 2620 relicta

1126 2646 1214 2715 ltalia,
1233 2647 1391 2705 Pannonias
1410 2654 1516 2722 repetit.
1538 2651 1614 2716 item,
1638 2670 1699 2709 rnru
1719 2662 1780 2726 post
1800 2664 1915 2712 mortem
1937 2721 1939 2724 ¹

1126 2737 1311 2796 Valentiniani
1330 2750 1358 2798 et
1376 2742 1497 2809 blaximi,
1516 2744 1652 2803 invasoris
1672 2748 1789 2818 imperii,
1809 2765 1915 2819 perem-

1125 2833 1258 2902 ptionem,
1272 2832 1418 2891 Gesericus
1432 2850 1494 2889 cum
1509 2836 1678 2892 ualidissimo
1692 2839 1781 2908 gentis
1795 2856 1852 2895 sum
1867 2854 1914 2896 ex-

1124 2925 1213 2979 ercitu
1234 2925 1330 2991 tuitus,
1352 2927 1465 2998 insuper
1487 2929 1614 2998 praesidio
1634 2927 1803 2997 hiaurorum,
1824 2931 1913 2989 adbuc

1125 3013 1256 3072 Romanae
1274 3014 1405 3074 Ecclesiae
1424 3019 1600 3075 beatissimus
1618 3019 1673 3075 Leo
1693 3030 1786 3092 ageret
1804 3019 1925 3096 pentilrss

1125 3117 1227 3172 catum,
1258 3110 1398 3180 percussis
1426 3108 1568 3174 Romanis,
1598 3111 1791 3183 nobilibusque
1817 3108 1911 3194 ιιιιιιιι,

1125 3213 1157 3253 ac
1177 3201 1357 3270 popularibus
1375 3217 1408 3256 ex
1429 3201 1497 3256 urhe
1517 3200 1694 3271 fugientibus,
1717 3199 1817 3256 Urbem
1837 3198 1912 3256 omni

284 3286 451 3356 proscripa,
466 3299 620 3345 ,rainerum
639 3308 760 3352 camme„
779 3315 867 3355 mn,
885 3302 937 3368 Qui
950 3304 1105 3377 Ammo
1124 3290 1375 3360 praesidioracuam
1388 3289 1533 3346 Gcsericos
1544 3290 1673 3354 obtinuit,
1685 3299 1846 3345 occurrente
1858 3292 1911 3346 sihi

284 3372 642 3445 liussstroit,1)iosc0rum
662 3393 775 3457 propter
791 3389 871 3446 fidem
891 3410 945 3449 nun
963 3404 1069 3456 tantum

283 3483 346 3524 esse
360 3469 528 3536 damnatum,
542 3474 589 3530 sed
603 3476 667 3547 qnia
682 3483 992 3543 excommunicationem
1006 3491 1070 3547 lecit

283 3559 461 3617 sanctissimo
474 3557 549 3636 papae
562 3565 657 3632 Leoni,
668 3571 901 3632 conciliodicente
917 3597 924 3634 :
938 3579 1069 3648 Quoniam

282 3653 412 3712 secundus
427 3674 548 3715 excessus
559 3663 672 3730 priorem
687 3665 851 3738 iniquitatem
867 3675 1030 3731 transcendit
1044 3686 1069 3732 et

282 3756 399 3815 superat.
419 3745 469 3804 ilic
491 3752 588 3805 statuit
608 3754 681 3809 inter
702 3757 837 3814 actionem
859 3759 977 3820 dicere:
999 3766 1070 3822 San·

282 3849 353 3893 etum
369 3842 541 3912 sucrificium,
559 3845 759 3902 immaculatam
777 3850 902 3908 hostiam.
924 3854 957 3911 Et
974 3876 981 3912 τ
999 3858 1070 3929 Sup-

281 3934 362 4004 plicet
387 3945 411 3989 te
436 3953 571 4008 rogamus,
596 3938 775 4010 Omnipotens.
788 3943 901 4003 Plurimi
926 3948 1068 4008 Manicbaei

281 4038 330 4093 per
347 4024 435 4095 ipsum
454 4027 480 4080 in
500 4027 567 4082 urbe
584 4027 669 4085 lloma
686 4030 785 4089 detecti
803 4045 878 4105 suut,
894 4046 921 4095 et
937 4047 967 4095 ut
990 4042 1068 4096 dam·

280 4125 378 4171 narcut
393 4117 570 4174 llanichenur
584 4123 691 4192 publica
706 4124 734 4179 in
747 4127 864 4184 ecclesia
885 4132 1065 4202 professione,

279 4216 307 4262 et
322 4224 419 4264 uranus
433 4226 490 4266 suae
504 4214 706 4286 subscriptione
719 4222 860 4288 compulit.
874 4222 926 4278 lilii
942 4225 1000 4298 (tm)
1018 4229 1067 4284 ob-

280 4302 430 4358 stinatione
449 4315 573 4360 sanctum
591 4323 700 4379 gregem
717 4304 825 4367 Domini
841 4331 889 4370 sua
904 4321 1066 4391 contagione

280 4394 444 4465 polluerent,
469 4396 570 4453 subditi
592 4401 698 4471 iegibus
721 4402 870 4461 secundum
892 4407 1065 4468 Christiano-

279 4500 340 4538 rum
355 4486 506 4556 principum
518 4491 676 4554 constitnto,
690 4509 738 4564 per
751 4494 874 4565 publicos
884 4497 992 4565 jndices
1004 4517 1066 4572 per·

1122 3390 1197 3437 extra
1214 3388 1320 3452 portam
1338 3382 1432 3436 eodem
1451 3390 1546 3437 sancto
1564 3380 1654 3435 Leone
1670 3381 1812 3450 episcopm
1832 3382 1910 3450 cnjus

1122 3473 1329 3543 supplicatioita
1339 3488 1412 3538 eum,
1424 3470 1477 3527 Deo
1490 3473 1645 3542 adjuvante,
1655 3471 1759 3535 leniuit,
1773 3480 1802 3526 ot
1813 3487 1911 3543 quarn-

1120 3566 1162 3618 ris
1183 3564 1312 3634 potestati
1334 3565 1394 3633 ejus
1414 3572 1487 3620 esset
1505 3565 1617 3632 tradita,
1636 3565 1672 3619 ab
1689 3564 1751 3635 igne
1770 3572 1862 3619 tamen
1883 3571 1910 3618 et

1121 3655 1204 3720 cede,
1219 3662 1300 3727 atque
1319 3658 1463 3728 suppliciis
1483 3652 1643 3723 abstineret,
1660 3673 1706 3712 ιιι
1721 3656 1830 3712 interim
1850 3655 1910 3710 dies

1121 3767 1218 3809 secura
1231 3759 1258 3808 et
1272 3753 1359 3808 libera
1372 3754 1552 3816 scrutatione,
1566 3752 1694 3808 omnibus
1707 3751 1836 3824 operibus
1850 3753 1909 3808 suis

1119 3846 1205 3903 iionra
1226 3856 1356 3902 evacuata
1376 3853 1428 3902 est.
1448 3844 1522 3901 luter
1541 3853 1640 3901 caetera
1659 3858 1708 3899 sua
1730 3850 1831 3898 statuta
1852 3858 1908 3898 non

1120 3937 1213 3992 omisit
1235 3953 1241 3992 :
1264 3935 1422 3990 Monachum
1446 3952 1499 3991 non
1522 3938 1640 4004 occipere
1661 3935 1777 3989 uelamen
1799 3933 1832 3988 ui
1853 3934 1909 4004 epi·

1119 4044 1208 4097 seopo,
1224 4028 1276 4082 nisi
1292 4028 1366 4099 prius
1384 4027 1522 4096 uirginitas
1541 4025 1614 4080 iilius
1632 4025 1743 4095 probatu
1762 4025 1853 4095 fuerit.
1868 4023 1907 4080 De

1119 4117 1296 4174 observantia
1313 4118 1395 4172 etiam
1414 4115 1527 4172 Paschae
1547 4115 1681 4169 llartiano
1701 4122 1818 4185 angusto
1836 4115 1907 4170 seri·

1118 4211 1183 4282 psit,
1196 4209 1296 4278 atejus
1308 4206 1494 4263 admonitione
1505 4217 1601 4262 omnes
1611 4205 1766 4261 Orientaics
1777 4205 1906 4261 Ecclesiae

1118 4301 1145 4356 in
1160 4302 1220 4371 ejus
1236 4299 1395 4356 celebritate
1409 4304 1606 4353 consonarent.
1619 4296 1817 4360 Theodosium,
1834 4295 1906 4352 ilar·

1119 4395 1235 4456 tianum,
1248 4389 1367 4446 Leonem
1380 4391 1519 4459 Augustos
1531 4388 1564 4441 ad
1578 4388 1656 4442 iidem
1671 4388 1904 4444 corroborandam

1117 4497 1213 4537 omnes
1234 4481 1394 4535 cohortatus
1414 4487 1456 4533 est
1476 4479 1535 4532 sois
1554 4477 1688 4548 epistolis,
1703 4486 1731 4530 et
1752 4478 1785 4532 od
1805 4478 1904 4534 exstir-

278 4584 361 4646 petuo
377 4586 440 4631 sunt
456 4577 553 4633 exsilio
570 4583 693 4652 relegati,
711 4592 737 4639 et
753 4588 856 4652 orrrrria,
872 4605 932 4660 quae
948 4592 975 4644 in
993 4593 1063 4648 scri·
1117 4574 1237 4646 Pindum
1258 4572 1450 4626 Eumhim'u'n
1469 4571 1546 4625 Virus
1564 4577 1742 4674 ⁰⁰¹¹¹¹¹¹⁰J¹¹¹¹²J
1762 4568 1828 4637 ΟΜ
1844 4585 1904 4675 epf'

278 4669 344 4739 ptis,
356 4675 383 4723 et
393 4668 509 4724 occultis
522 4671 715 4729 traditionibus
726 4678 784 4734 suis
795 4679 934 4735 habebant
947 4685 1063 4754 prolana
1080 4657 1103 4711 D
1118 4668 1194 4723 ⁵²⁰¹ae
1211 4666 1245 4720 ab
1262 4665 1400 4734 “filistim
1416 4678 1431 4717 ³
1447 4664 1583 4767 ¹³¹¹)Sl’ffi'f)
1610 4663 1770 4764 E‘innan-¹⁰⁰
1783 4664 1848 4767 Q.
1860 4663 1902 4718 ⁶¹·

277 4763 319 4816 ,01
338 4763 437 4832 appia,
459 4771 533 4817 cem
556 4765 776 4824 mgnrsggggjoflg
797 4772 922 4841 wopam,
945 4776 1014 4830 adeo
1034 4785 1064 4831 „g
1116 4767 1197 4816 etatae
1215 4761 1374 4819 creduntur,
1397 4758 1469 4812 sieut
1490 4762 1588 4812 assent
1606 4754 1762 4810 Gennadius
1782 4771 1810 4810 ιιι
1831 4756 1902 4812 hhro

276 4853 346 4923 ipse,
366 4853 414 4923 qui
433 4867 527 4907 eorum
547 4853 689 4909 dicebatur
706 4857 861 4930 episcopus,
886 4867 978 4917 tentus
999 4875 1063 4934 pro
1114 4851 1155 4906 ⁰⁶
1169 4849 1317 4906 illutltl'b'i‘
1333 4849 1408 4905 ”5¹⁵⁸
1875 4939 1881 4952 ‚

276 4944 362 5006 deret,
380 4950 406 4998 et
426 4941 570 5013 flagitiosa,
585 4958 645 5014 qnae
664 4946 691 5000 in
709 4946 766 5002 suis
783 4948 908 5019 mysticis
925 4954 1059 5009 tenerent.
1148 4939 1265 5002 suunt.
1283 4943 1413 5005 Hilarius,
1431 4942 1542 4996 milone
1560 4938 1674 5004 Saldis»
1691 4955 1724 4995 0¹
1742 4947 1819 5009 patre
1836 4938 1872 4995 Cf
1875 4956 1899 4994 ¹·

275 5031 336 5108 lpse
350 5036 484 5107 siquidem
500 5033 689 5091 hereticorum
705 5036 831 5108 malleus,
841 5049 868 5096 et
880 5043 964 5100 totius
977 5045 1063 5102 haere·
1113 5038 1204 5110 spino·
1219 5036 1315 5093 Annos
1331 5047 1370 5101 rr,
1386 5049 1495 5091 menses
1511 5044 1555 5136 liis
1570 5046 1657 5104 nsque
1674 5031 1707 5087 ad
1725 5046 1826 5087 “mium
1842 5030 1899 5134 9⁰·

276 5128 338 5185 ηοω
362 5130 507 5199 munaus
529 5128 686 5186 destructor
709 5128 794 5186 multa
819 5128 853 5187 ad
878 5135 1060 5195 errrdjuonem
1112 5129 1178 5186 mini
1193 5128 1255 5184 tlt.
1271 5126 1321 5183 liic
1334 5125 1479 5182 constitnit
1493 5122 1631 5195 Epistulas
1643 5122 1678 5178 de
1693 5122 1746 5178 ilde
1762 5123 1898 5179 catholiea

274 5219 396 5276 fidelium
422 5229 477 5275 tarn
502 5219 529 5276 io
557 5220 683 5278 homeliis
707 5239 789 5294 quarn
815 5224 843 5281 in
869 5229 1060 5297 sermonibus,
1095 5222 1339 5298 *pcr0rientalem
1355 5218 1751 5277 orbemeteonlirmarittres
1766 5217 1895 5324 sl¹J⁰d⁰⁸0

275 5329 356 5385 qrram
371 5313 453 5369 etiam
470 5314 497 5368 in
514 5314 636 5386 epistolis
658 5317 773 5386 plurima
793 5323 888 5374 contra
906 5320 1018 5377 Euticen
1034 5329 1060 5380 et
1109 5308 1899 5417 Nicaenam,EphesinametCalcedonensern,ctlulraumrr

273 5403 430 5463 Nestorium
449 5409 556 5478 egregie
574 5408 675 5464 dictata
696 5413 872 5482 conscripsit,
888 5421 915 5467 et
931 5420 960 5468 nt
976 5430 1058 5486 ange·
1110 5412 1269 5480 cpis⁰0i1¹¹m
1285 5409 1488 5463 Mhssfinenieffl
1505 5404 1678 5476 Pelisslffl'um
1692 5403 1896 5459 ⁰⁰¹¹d⁸m¹¹m²·

273 5494 326 5551 lica
345 5498 409 5552 tuba
429 5498 462 5551 ad
483 5499 597 5554 salntem
619 5500 747 5557 Ecclesiae
766 5504 840 5559 eirca
859 5504 988 5575 pestilera
1007 5506 1058 5562 do·
1110 5505 1170 5573 Quo
1184 5505 1267 5560 etiam
1280 5503 1404 5573 jubente,
1417 5502 1577 5558 Victorinus
1589 5497 1722 5555 Circeium
1734 5498 1895 5599 paschalem,

272 5591 363 5653 gmata
384 5583 513 5641 intonuit.
530 5584 643 5645 Decreta
661 5591 758 5650 statuit
776 5592 960 5663 capitulorum
982 5605 1056 5661 xtra,
1108 5598 1173 5653 licet
1194 5594 1355 5652 mendosum
1377 5593 1552 5664 conseripsit.
1575 5588 1626 5644 llic
1645 5590 1793 5644 celebrarit
1812 5603 1897 5660 syno-

272 5688 334 5743 quae
348 5689 397 5728 sna
411 5676 544 5745 elegantia
556 5681 683 5738 omnihus
697 5692 760 5738 nota
773 5699 836 5740 esse
847 5692 972 5756 possunt.
985 5685 1059 5743 Prae·
1108 5693 1173 5748 dum
1189 5689 1282 5745 Rome
1297 5690 1324 5743 in
1339 5688 1453 5744 basilica
1472 5685 1502 5742 S.
1520 5685 1622 5749 hieriae,
1640 5683 1822 5754 presentibus
1835 5683 1895 5754 epia

270 5772 346 5820 terea
360 5773 492 5836 qnantum
509 5764 692 5838 persecutioni
707 5783 889 5846 tyrannorum
903 5791 934 5832 se
949 5785 979 5832 ut
994 5790 1058 5834 mu·
1109 5783 1202 5855 scopis
1222 5787 1249 5837 et
1270 5779 1442 5852 presbyteris
1460 5796 1536 5848 xum,
1554 5777 1648 5835 Flauio
1667 5783 1695 5833 et
1714 5773 1851 5832 basilisco
1865 5780 1894 5832 et

307 5920 363 5992 (ιι)
383 5921 479 5992 Supple
492 5940 536 5981 ne.
594 5889 596 5891 ι

1146 5937 1202 6011 (tib)
1223 5936 1276 5993 Pro
1290 5935 1463 6008 Aquitanico.
