4350 6709
274 518 307 585 9¹
804 513 942 572 slcallbl
959 512 1204 570 ent-,olonna'Sls
1222 512 1376 571 Eltslloll
1862 516 1899 575 92

273 632 341 689 ilem
355 632 492 704 signifieat
504 630 640 702 'arrgclnrn
662 630 710 701 qui
728 629 857 696 mittitur,
881 639 911 686 ut
936 643 984 699 per
1003 628 1099 698 ejrrsll
1115 629 1188 699 licis,
1199 633 1346 701 septimum
1363 631 1397 687 ab
1406 631 1501 688 osculo
1515 628 1600 702 pacis.
1614 627 1644 685 ln
1660 628 1751 700 primo
1765 629 1899 700 liguratur
1920 669 1926 680 .

201 724 203 728 '
273 741 373 783 manns
385 725 473 781 hostia
491 723 649 795 proteratur
660 723 689 778 iri
703 722 822 778 sublime
835 723 921 778 altare
941 721 1060 779 Domini.
1112 724 1214 783 christi
1231 727 1340 798 legatio,
1357 725 1523 781 insecundo
1544 723 1673 780 Ecclesiae
1698 725 1858 794 gratulatio,
1870 727 1898 781 in

272 815 421 873 Collectire
435 814 557 884 ponitur,
574 814 639 885 quia
664 814 829 886 quandoque
846 814 929 869 missa
947 822 1062 871 uocatur
1114 819 1194 875 tertio
1204 817 1306 874 Christi
1321 818 1363 872 vel
1376 817 1562 888 apostolorum
1578 815 1746 887 praedicatio,
1760 816 1788 871 in
1800 826 1899 887 quarto

273 906 404 972 odicium,
418 905 492 977 quod
502 914 544 962 est
557 907 591 962 ab
604 906 719 963 introitu
732 907 864 977 usquead
879 905 1060 972 ollerloriunr,
1112 908 1270 965 auditorum
1294 906 1415 973 deuotio,
1442 906 1470 962 in
1499 906 1595 976 quinto
1616 904 1719 962 Christi
1743 906 1848 976 passio,
1870 906 1898 961 in

273 1006 301 1061 et
312 998 371 1054 baee
390 998 476 1054 missa
489 999 752 1055 catechumenorum
767 1017 776 1069 ;
800 1000 967 1070 quandoque
994 1000 1061 1055 illud
1112 1000 1235 1058 sextond
1250 997 1355 1056 inferos
1368 999 1523 1068 descensio,
1540 998 1568 1053 irr
1587 997 1704 1068 septimo
1720 998 1902 1055 resurrectio.

273 1098 380 1145 uratum
394 1089 525 1157 cllidum,
538 1091 609 1161 quod
634 1100 678 1148 εει
691 1093 726 1148 ab
739 1091 818 1148 initio
833 1091 961 1150 sacrificii
973 1107 1061 1162 usque
1113 1094 1271 1152 Secundum
1285 1094 1357 1151 hanc
1369 1093 1494 1148 ultimam
1509 1091 1714 1148 distinctionem
1726 1091 1818 1146 onrnia
1835 1107 1900 1162 pro-

273 1182 307 1238 ad
319 1180 362 1237 ire
376 1183 459 1237 meso
478 1193 527 1250 est,
543 1192 571 1239 ct
592 1184 645 1240 boc
669 1183 772 1252 aerius,
800 1185 865 1255 quia
884 1193 950 1240 tunc
972 1185 1060 1240 hostia
1111 1203 1270 1259 sequamur.
1290 1185 1349 1241 Hoc
1364 1186 1448 1256 igitur
1469 1176 1588 1240 cllctunr
1601 1182 1675 1254 quod
1697 1191 1741 1238 εει
1755 1197 1770 1237 a
1785 1197 1899 1253 proces-

273 1276 394 1331 mittitur
407 1293 415 1344 ;
427 1275 592 1346 quandoque
607 1276 686 1345 illud,
699 1276 774 1348 quod
786 1276 813 1331 in
827 1277 937 1333 silentio
950 1276 1060 1348 legitur,
1117 1281 1197 1338 sione
1209 1295 1297 1351 usque
1320 1278 1354 1333 ad
1369 1278 1526 1344 lectionem,
1540 1275 1666 1331 introitur
1687 1273 1850 1344 appellatur,
1864 1288 1900 1329 eo

273 1365 343 1424 torte
354 1367 469 1438 eoquod
487 1375 553 1423 tunc
568 1366 643 1425 iuras
663 1370 853 1426 catechumeni
870 1370 1059 1435 mittebantur,
1111 1373 1185 1445 quod
1196 1371 1230 1427 ad
1244 1369 1406 1428 memoriam
1421 1378 1544 1424 nostram
1555 1366 1658 1422 Christi
1673 1365 1780 1421 reducit
1795 1365 1899 1421 adveu-

273 1459 439 1530 quaudoque
451 1459 681 1516 illasoiummodo
694 1461 787 1529 rerba,
802 1477 923 1534 perque
941 1462 1020 1532 panis
1033 1471 1061 1518 ct
1112 1476 1171 1525 tum
1184 1465 1212 1520 in
1241 1478 1335 1530 carne,
1356 1471 1384 1518 ει
1403 1460 1575 1532 corporalem
1596 1458 1625 1514 in
1650 1457 1732 1514 terris
1752 1472 1900 1513 corrueran-

273 1552 369 1607 rinum
391 1553 554 1621 mittuntur,
582 1554 676 1610 idest
712 1555 1007 1612 transsubstantiantur
1031 1555 1060 1611 in
1110 1559 1225 1624 tionem,
1241 1571 1384 1628 quousque
1406 1567 1548 1626 paternam
1569 1549 1898 1619 sedemasccndit,quod

274 1657 385 1699 carnem
410 1651 438 1699 et
462 1644 635 1714 sanguinem.
662 1643 797 1702 Usitatius
824 1654 916 1701 autem
941 1645 1059 1702 officium
1110 1652 1254 1725 diligenter
1264 1652 1412 1716 intuentes,
1427 1663 1475 1718 per
1488 1654 1579 1716 partes
1592 1658 1792 1717 prosequemur
1804 1642 1895 1700 otilcii.

273 1744 361 1793 totum
375 1737 403 1791 in
421 1737 506 1793 missa
521 1738 632 1805 dicitur,
657 1739 732 1810 quod
756 1740 790 1795 ab
801 1740 912 1794 introitu
926 1737 1059 1810 usquead
1425 1738 1539 1797 carba
1553 1739 1584 1794 ll.

274 1825 317 1882 ite
327 1829 408 1883 misso
422 1840 472 1912 ert,
488 1830 529 1885 vel
544 1829 735 1887 benedicamur
750 1831 864 1886 Domino
878 1832 1034 1887 continetur
1049 1849 1058 1899 ;
1338 1848 1372 1889 nn
1388 1848 1469 1888 annun
1488 1846 1575 1887 cnunc
1589 1844 1683 1887 russas.

273 1927 302 1976 ot
315 1920 366 1976 hoc
378 1931 497 1993 quatuor
508 1938 542 1979 ex
566 1924 658 1980 causis
674 1942 682 1979 :
697 1925 761 1995 quia
776 1925 905 1981 sacerdos
921 1941 937 1981 a
956 1925 1057 1996 populo
1146 1930 1278 2004 Legatum
1292 1928 1367 1984 misit
1377 1923 1549 1982 Dominusad
1563 1919 1766 1994 genethliaco
1781 1921 1897 1992 legatae*

274 2014 391 2069 mistim
413 2016 448 2070 δᾶ
474 2015 573 2084 Deum»
598 2026 628 2072 1¹²
644 2017 803 2084 ἱῐιῑθῐθθᾶθῑ,
828 2017 942 2087 ³¹¹8less
962 2031 978 2071 i
1001 2016 1058 2072 ⁰00
1110 2041 1171 2082 nem
1190 2020 1375 2095 praefigurarit
1387 2019 1495 2090 Moyses
1508 2018 1530 2086 ¹,
1545 2015 1593 2088 qui
1606 2031 1668 2073 cum
1680 2015 1858 2073 descenderet
1868 2015 1896 2071 irr

274 2110 392 2165 mittitur
406 2111 779 2181 adpoprrlum,ute1audiat.
796 2111 863 2167 ltern
881 2111 944 2182 qnia
961 2110 988 2166 in
1006 2112 1058 2166 hoc
1108 2107 1896 2188 AEgyptunrasenioribusetapopulosuscipitur:dispcr-

276 2201 366 2257 otlieio
382 2211 593 2273 representatur
602 2203 807 2260 missioChristi
821 2205 912 2261 asiuu
926 2203 1016 2259 Patris
1029 2204 1059 2260 in
1109 2199 1452 2274 sosaggregat,AEgyptuur
1465 2195 1660 2268 signisdnmat,
1671 2211 1841 2267 oppressosa
1856 2206 1899 2266 ty·

273 2294 406 2349 mundum
418 2295 616 2364 redimendum,
628 2296 654 2351 id
669 2305 712 2352 est
734 2297 897 2366 incarnatio,
914 2305 942 2353 ει
962 2296 1059 2352 missio
1109 2294 1311 2350 rannodedura
1324 2290 1567 2356 seruituteliberat,
1579 2302 1649 2359 quos
1659 2289 1694 2347 de
1705 2287 1898 2360 AEgyploedrr·

273 2384 375 2441 Christi
403 2388 546 2444 amundo
572 2389 606 2444 ad
631 2388 740 2444 Patrem
764 2388 937 2461 placandum,
957 2391 1061 2447 scilicet
1110 2379 1897 2456 clr,erinterramprcmlssinmsinduclr.Siccnrlstusre-

273 2478 377 2548 passio.
393 2476 471 2535 Unde
488 2480 681 2536 concluditur:
699 2480 742 2536 lte
766 2484 850 2537 missu
870 2492 921 2538 ert.
943 2480 1059 2550 Quidam
1111 2479 1224 2536 niensiu
1238 2478 1312 2534 laune
1324 2475 1642 2546 mundumabangeliset
1651 2473 1807 2546 pastoribus
1820 2474 1896 2529 ειεὶι

274 2569 352 2624 aiunt
365 2570 437 2638 quod
451 2570 534 2626 missa
547 2571 649 2627 dicitur
671 2589 687 2628 a
701 2574 862 2630 dimissione
876 2592 884 2642 ς
899 2575 963 2645 quia
976 2591 1062 2646 popu·
1110 2571 1342 2644 pitur¹,d1rersos
1349 2570 1467 2641 parietes
1479 2569 1508 2623 in
1521 2583 1575 2623 una
1588 2566 1642 2624 lide
1656 2567 1806 2634 continuat,
1817 2581 1899 2621 mun-

274 2660 329 2728 ins,
346 2661 484 2718 celebrato
510 2662 609 2732 cilicio,
639 2665 795 2721 dimittitur.
817 2664 928 2723 lissam
943 2667 1062 2724 instituit
1112 2666 1177 2722 dum
1192 2661 1333 2719 miraculis
1350 2659 1489 2731 subjugat,
1509 2671 1658 2730 oppressos
1675 2655 1897 2712 adiabololibe·

275 2746 408 2805 Dominus
427 2748 517 2818 lesus,
533 2753 661 2809 sacerdos
682 2754 974 2813 secundum-ordinem
996 2757 1062 2813 biel-
1113 2767 1166 2826 rat,
1194 2756 1228 2814 de
1244 2754 1352 2811 inferno
1369 2753 1462 2809 educit
1480 2760 1508 2807 et
1523 2751 1552 2806 in
1579 2748 1695 2821 patriam
1711 2747 1831 2819 paradisi
1856 2747 1899 2802 in·

274 2838 422 2895 chisedech
432 2840 467 2908 ¹¹,
477 2842 588 2912 quando
605 2858 703 2912 panem
718 2856 745 2901 et
767 2847 860 2903 uiuum
875 2849 902 2904 in
920 2864 1021 2921 corpus
1035 2860 1063 2906 ct
1112 2852 1189 2908 ducit
1203 2851 1224 2906 ¹.
1252 2847 1330 2905 llanc
1346 2860 1458 2917 quoque
1473 2843 1648 2915 legaliorum.
1663 2856 1745 2912 quam
1761 2843 1899 2910 b¹⁰li¹¹⁰¹³³

275 2931 438 3002 sanguinem
456 2937 659 3002 transmutavit,
674 2937 768 2995 dicens
784 2958 791 2994 ε
811 2959 821 2994 r
837 2939 894 3000 Hoc
908 2951 950 2999 est
962 2958 1063 3014 corpus
1090 2942 1097 2951 ’
1113 2941 1339 3014 predicaverunt,
1354 2935 1491 3006 sapientes
1517 2934 1680 2998 docuerunt,
1698 2930 1837 3000 processio
1849 2941 1900 2983 no·

276 3038 380 3090 nrenm,
393 3024 439 3081 bic
456 3035 499 3081 εει
511 3029 623 3099 sanquis
636 3045 714 3086 meus
733 3033 786 3100 ¹¹⁰;
807 3049 898 3090 eecce
918 3035 992 3106 quod
1006 3034 1063 3092 bo·
1113 3035 1157 3092 his
1169 3041 1316 3105 praesentat
1342 3028 1475 3100 episcopi,
1489 3027 1538 3099 qui
1556 3025 1627 3098 gerit
1644 3025 1760 3094 liguram
1780 3020 1898 3078 Christh

276 3115 369 3172 minus
383 3117 494 3174 missam
519 3119 648 3189 instituit,
668 3123 752 3181 idest
779 3125 837 3181 haec
863 3127 946 3183 verba
960 3129 1064 3185 consti·
1114 3125 1238 3185 Pontifex
1261 3125 1346 3190 enim,
1372 3130 1488 3179 ornatus
1517 3120 1550 3176 dc
1566 3117 1688 3174 sacrario
1716 3113 1839 3187 procedit
1864 3114 1899 3169 ad

277 3207 346 3273 tuit,
365 3211 460 3281 cisque
479 3211 562 3269 uitam
579 3215 780 3272 substantivam
790 3218 882 3287 dedit;
898 3220 1000 3291 quibus
1013 3237 1064 3292 pa·
1115 3219 1247 3292 templum
1262 3236 1269 3286 ;
1285 3217 1350 3289 quia
1364 3214 1492 3271 Christus
1505 3211 1646 3282 speciosus
1661 3224 1717 3281 prae
1730 3208 1795 3264 filiis
1813 3207 1901 3263 houri·

277 3299 322 3356 nis
339 3300 367 3356 in
380 3317 491 3374 corpus,
509 3314 537 3361 et
552 3306 646 3363 uinum
666 3309 794 3379 mittitur,
818 3311 845 3366 irl
864 3322 907 3369 est
926 3315 1100 3374 trarrssubc
1116 3314 1205 3372 num⁸
1225 3313 1259 3370 de
1277 3309 1404 3367 accubitu
1428 3306 1529 3372 Patris,
1555 3304 1597 3359 rcl
1619 3303 1653 3359 de
1674 3311 1753 3357 utero
1778 3298 1901 3372 Virginis

277 3395 424 3451 stantiatur
442 3396 657 3470 insanguiuem.
682 3401 748 3458 item
770 3403 883 3460 missam
903 3405 1065 3463 instituitet
1115 3416 1246 3478 tauquam
1284 3417 1404 3475 sponsus
1429 3398 1463 3455 de
1488 3397 1611 3455 thalamo
1637 3408 1689 3451 suo
1712 3390 1901 3464 procedens¹,

277 3502 390 3545 eausam
410 3489 590 3548 institutionis
609 3494 746 3564 adiunxit,
760 3496 825 3552 dum
840 3497 893 3554 hoc
909 3497 1063 3556 laciendum
1114 3500 1190 3557 seuit
1214 3499 1243 3553 in
1272 3494 1417 3552 mundum.
1444 3488 1518 3546 Ordo
1543 3485 1727 3559 processionis
1749 3481 1903 3541 secundum

277 3593 340 3637 esse
353 3582 502 3650 mandavit,
512 3585 618 3642 scilieet
631 3586 667 3643 ob
678 3589 839 3645 memoriam
851 3590 905 3658 sui,
919 3591 1013 3649 dicens
1028 3594 1037 3624 ¹
1053 3612 1062 3649 c
1114 3588 1296 3663 quorumdam
1318 3581 1533 3659 conspetudines=
1554 3579 1600 3635 bie
1619 3586 1661 3635 est
1679 3575 1903 3645 :Campanorum

281 3689 292 3724 r
308 3670 365 3728 iloc
380 3671 462 3730 tacito
483 3675 511 3731 in
525 3691 614 3732 meam
642 3683 945 3751 commemorationem.
962 3703 972 3737 r
988 3683 1065 3741 Unde
1116 3682 1234 3755 tragore,
1248 3681 1349 3736 tinnitu
1365 3690 1487 3734 conmno
1508 3679 1701 3745 concrepante,
1714 3675 1819 3740 septem
1836 3681 1904 3737 prae-

200 3759 210 3781 ’
278 3763 344 3822 lieet
355 3767 470 3836 apostoli
496 3768 567 3825 hanc
587 3770 759 3839 adauxerint,
774 3772 840 3829 dum
864 3790 947 3845 super
965 3792 1064 3847 panem
1115 3776 1214 3834 cedent
1229 3771 1349 3844 acolythi
1359 3786 1422 3826 cum
1438 3764 1634 3824 luminaribus.
1649 3760 1727 3830 Quos
1738 3767 1842 3830 septena
1858 3773 1903 3814 se-

278 3857 423 3926 otricum,
440 3873 496 3914 nou
512 3861 601 3916 solum
615 3864 697 3919 verba
718 3879 779 3934 quae
805 3865 937 3924 Dominus
948 3869 1064 3935 dixerut,
1115 3875 1238 3940 quurrlur
1257 3862 1419 3921 subdiaconi
1438 3874 1502 3917 cum
1522 3855 1673 3929 plenariis;
1688 3853 1752 3925 post
1765 3866 1837 3924 quos
1854 3865 1900 3906 se-

174 4030 178 4039 ·
279 3947 329 4004 sed
348 3948 432 4004 etiam
459 3947 629 4007 bominicam
652 3954 804 4011 orationem
832 3957 1066 4027 superaddendam
1115 3969 1188 4031 ptem
1213 3956 1353 4022 diacones,
1379 3960 1442 4025 post
1457 3966 1506 4008 eos
1522 3947 1668 4006 duedecim
1693 3944 1810 4017 priores,
1830 3957 1903 4014 quos

280 4047 459 4110 statuerunt;
480 4043 544 4099 licet
570 4044 667 4101 deiude
688 4061 863 4104 successores
886 4063 994 4116 corum,
1018 4051 1064 4120 qni
1115 4051 1282 4108 comitantur
1294 4056 1350 4103 tres
1361 4043 1481 4116 acolythi
1492 4057 1555 4099 cum
1571 4039 1718 4109 thuribulis
1732 4046 1760 4094 el
1770 4037 1902 4103 incenso;

279 4131 406 4190 decorem
428 4134 527 4191 domus
548 4136 702 4194 dilexerunt
718 4140 754 4206 ¹,
775 4138 877 4195 diversi
901 4141 1022 4209 diuersa,
1037 4141 1066 4197 iu
1115 4154 1209 4218 postea
1223 4141 1409 4199 subdiaconus
1424 4150 1489 4193 curn
1512 4132 1666 4204 cvangelio.
1679 4128 1786 4185 Exinde
1810 4129 1902 4198 ponti-

279 4224 397 4282 diversis
426 4227 594 4298 temporibus
617 4229 789 4301 adjecerint;
815 4241 906 4289 tannen
930 4233 1066 4308 institutio
1116 4236 1158 4294 lex
1173 4231 1480 4291 adextratn'radlacouo
1494 4235 1521 4283 et
1532 4225 1689 4297 presbytero
1704 4237 1805 4293 3qucm
1822 4219 1901 4275 turba

281 4314 364 4372 simul
377 4326 404 4373 el
415 4317 542 4389 adjectio,
557 4320 592 4376 ad
604 4321 692 4392 ipsum
709 4338 802 4379 verum
826 4325 982 4395 pontilicenr
994 4326 1065 4382 rete·
1116 4327 1264 4396 comitatur
1294 4323 1410 4381 orando.
1434 4320 1584 4390 Campanae
1607 4324 1814 4386 concrepantes,
1834 4327 1900 4383 pro-

279 4416 397 4476 suntor,
423 4409 471 4479 qui
494 4412 605 4484 proprio
627 4415 762 4486 sanguine
786 4417 871 4472 semel
892 4418 1015 4474 introbit
1038 4419 1065 4476 in
1115 4413 1661 4496 phetassignificanl,Christiaduentum
1677 4408 1900 4481 pronuntiantes.

282 4500 411 4557 sarrcta¹.
434 4501 587 4572 aliquoties
611 4521 686 4573 vero,
708 4518 736 4564 et
750 4523 846 4564 eorunr
866 4526 928 4580 quiae
940 4510 967 4564 irr
982 4511 1066 4567 missa
1117 4515 1226 4587 Septem
1244 4511 1361 4584 acolythi
1377 4525 1440 4566 com
1459 4505 1644 4563 luminaribus
1667 4503 1781 4560 luerunt
1805 4515 1902 4558 onrnes

281 4590 420 4659 dicuntur,
434 4603 482 4649 aut
494 4605 650 4664 cantantur,
664 4608 713 4655 aut
727 4600 849 4671 gestibus
871 4613 1080 4673 repraesentem*
1116 4606 1174 4677 qui,
1183 4620 1230 4676 per
1245 4601 1430 4672 septilormem
1443 4599 1558 4666 gratiam
1571 4595 1689 4667 Spiritus
1699 4594 1797 4661 saneti,
1809 4593 1901 4648 iumen

281 4692 337 4751 ¹1¹¹·
346 4687 470 4755 quaedam
482 4696 546 4744 sulti
557 4691 763 4747 rememorativa
776 4694 1066 4764 [armentorumqu-
1082 4679 1103 4735 ⁰
1118 4700 1238 4757 scientiae
1261 4696 1385 4752 tidelibus
1394 4694 1596 4749 ministrarunt.
1613 4689 1721 4760 Septem
1741 4686 1902 4744 subdiaconi

281 4773 344 4829 darn
357 4792 420 4832 uero
430 4778 645 4837 demonstrativa
670 4783 990 4863 praesentiunr,·quaedanr
1002 4801 1067 4857 pro·
1117 4801 1180 4842 cunr
1199 4784 1329 4856 plenariis
1340 4793 1405 4839 suut
1429 4782 1488 4852 qni,
1505 4795 1554 4850 per
1567 4778 1691 4834 camdem
1705 4778 1833 4849 gratiam,
1844 4776 1903 4845 ple-

282 4867 388 4923 uostica
413 4869 580 4927 futurorum.
603 4872 785 4946 Distinguitur
799 4886 890 4932 nutcru
914 4879 1065 4933 secundum
1116 4878 1267 4934 nitudinem
1283 4876 1432 4932 diuinitatis
1458 4872 1611 4929 inebriato
1638 4872 1823 4927 habitaturam
1841 4883 1902 4924 cor·

281 4958 416 5026 quosdam
427 4960 545 5016 officium
561 4965 652 5021 missae
671 4966 698 5021 in
720 4978 838 5038 quatuor
853 4978 954 5039 partes,
981 4970 1067 5025 Obse·
1116 4973 1246 5044 penaliter
1258 4970 1410 5026 docuerunt
1427 4969 1459 5020 ¹¹.
1473 4967 1581 5037 Septem
1596 4964 1704 5021 diaconi
1717 4972 1781 5019 sunt
1794 4961 1903 5016 univer·

281 5047 434 5105 orationem
450 5067 536 5124 usquc
557 5055 591 5110 all
616 5068 773 5126 secrctarn;
797 5061 950 5116 orationem
978 5077 1066 5132 usque
1117 5067 1211 5122 saliter
1232 5062 1402 5133 omnesqui,
1424 5077 1473 5133 per
1487 5061 1612 5117 eamdem
1629 5059 1757 5131 gratiam,
1771 5057 1902 5126 spiritua-

281 5141 315 5196 ad
328 5141 411 5197 Pater
426 5155 524 5213 nester,
535 5147 614 5218 cujus
626 5160 744 5220 quatuor
755 5160 820 5206 sunt
833 5163 934 5222 partes,
947 5163 1063 5220 secreta,
1119 5160 1172 5216 leur
1190 5157 1305 5226 scilicet,
1319 5155 1502 5228 evangelicam
1526 5153 1561 5209 de
1571 5152 1683 5208 Christo
1696 5149 1903 5221 intelligentiam

281 5233 416 5306 praelatio,
428 5252 528 5306 malou,
541 5237 712 5298 dietaoratio
727 5259 735 5311 ;
748 5244 962 5312 postulationem
978 5260 1064 5319 usque
1119 5253 1282 5309 hahuerunt.
1298 5249 1447 5307 Duodecim
1470 5249 1575 5321 priores
1590 5245 1700 5302 luerunt
1721 5258 1818 5300 omnes
1842 5244 1903 5314 qui,

281 5331 316 5388 ad
331 5332 566 5400 communionem,
589 5332 740 5404 gratiarum
766 5337 902 5392 actionem
922 5353 1010 5409 usque
1030 5338 1066 5394 ad
1117 5345 1169 5401 tldc
1182 5354 1283 5410 sancte
1296 5342 1450 5408 trinitatis,
1465 5340 1509 5397 vel
1523 5341 1606 5395 trium
1627 5345 1656 5393 et
1684 5343 1803 5407 quatuor
1815 5334 1903 5389 virtu·

282 5427 376 5482 linem.
393 5425 549 5484 Secundum
566 5428 674 5486 aliosin
696 5438 800 5501 septem
812 5431 921 5489 officia:
946 5433 1065 5504 primum
1117 5448 1176 5495 tum
1205 5439 1336 5509 operibus
1363 5441 1587 5493 coruscaverunt.
1613 5430 1682 5486 Trcs
1710 5427 1829 5500 acolythi
1854 5424 1907 5497 qni

281 5517 381 5588 incipit
404 5536 419 5575 a
447 5523 634 5593 processione,
649 5524 800 5581 secundnm
819 5526 853 5581 ab
868 5526 994 5597 epistola,
1014 5536 1068 5583 tor·
1117 5528 1208 5586 icrunt
1223 5528 1374 5596 aluminata,
1401 5527 1556 5612 signiticant
1570 5534 1626 5581 tres
1640 5522 1806 5595 magos,‘qrri
1821 5518 1903 5575 olicu-

283 5609 351 5666 tiuru
365 5612 400 5666 ab
410 5616 561 5685 evaugelio,
577 5625 705 5687 quartum
720 5617 755 5673 ab
766 5617 914 5685 offertorio,
939 5621 1079 5689 quintum*
1118 5622 1208 5678 lerunt
1220 5620 1331 5677 Christo
1345 5635 1459 5677 munera
1473 5619 1505 5674 ¹¹.
1514 5616 1591 5674 Unus
1604 5625 1695 5673 autern
1708 5613 1902 5681 subdiaconus,

284 5705 488 5777 adispositione
508 5710 613 5780 altaris,
635 5720 742 5768 sentum
753 5728 769 5767 a
780 5711 968 5770 benedictione
982 5712 1067 5783 ponti·
1117 5713 1286 5783 cuarrgclium
1301 5720 1423 5782 portans,
1440 5713 1525 5782 legem
1541 5709 1685 5783 siguificat.
1702 5706 1818 5779 ideoque
1832 5721 1902 5776 prae·

320 5891 513 5949 ”lc-:illota
552 5894 585 5926 ¹⁰¹
615 5893 766 5952 ilaritate.
806 5897 970 5958 *lucan
1010 5896 1174 5952 *Psalmis
1206 5896 1352 5950 litamur.
1392 5894 1555 5959 ittotai
1609 5893 1716 5949 *Exul
1745 5893 1798 5948 itt
1821 5889 1902 5947 irrina.

285 5963 418 6019 'hareb'¹
460 5963 621 6034 ‘Epiros-2.
662 5967 813 6023 “lucilla
852 5969 1009 6024 'l'srrhlth
1053 5968 1188 6023 ¹¹tlol.².'.-
1222 5968 1336 6022 Η,ιιειιιι
1364 5968 1390 6021 a.
