4350 6709
225 526 278 583 ser
820 533 985 593 rusroma
1005 539 1252 601 aturcnrsrun.
1636 514 1641 524 ’
1810 560 1864 617 aas

229 640 300 702 Ttrn.
314 644 353 713 r),
378 659 432 701 uon
447 648 605 720 multopost
624 650 697 706 tacta
716 649 908 708 crudelissima
923 653 1018 725 prodi·
1036 658 1158 730 Agistm
1182 661 1342 732 lbeudisio,
1372 667 1506 727 mandans
1528 673 1601 743 quod
1624 674 1647 730 si
1665 689 1757 735 comes
1779 675 1863 737 Tolo-

227 735 402 804 tianeoieto
416 735 561 812 bymerieo
583 750 765 799 memoratum
787 753 910 801 castrum
935 746 1022 802 tradi·
1073 762 1158 808 sanus
1172 764 1265 824 posset
1280 771 1309 812 se
1323 754 1489 816 sufficienter
1509 778 1628 836 purgare
1647 782 1732 839 super
1755 768 1863 857 duobos
1876 760 1899 805 '·

226 827 280 898 dit,
293 821 321 886 et
332 844 396 886 cum
408 830 536 889 hostibus
550 833 654 892 nostris
666 834 826 907 aliquandiu
840 837 957 901 mansit:
972 837 1021 895 sed
1072 839 1237 904 criminibus
1247 850 1423 922 supradictis,
1440 855 1573 926 reciperet
1586 855 1647 929 ejus
1660 862 1863 931 purgationem.

227 918 322 977 dirius
333 922 493 995 aequissima
505 923 608 996 judicis
622 925 768 983 ordinante
789 942 919 994 censura,
942 928 1022 985 nobi·
1071 934 1177 995 interea
1189 941 1321 1014 magister
1332 944 1408 1016 Milo,
1424 947 1483 1018 qui,
1504 948 1576 1005 sicut
1588 966 1672 1021 supra
1688 952 1793 1011 dictum
1809 965 1863 1027 est,

227 1011 263 1071 lis
274 1029 368 1071 eomes
384 1031 439 1071 non
459 1026 522 1087 post
545 1018 643 1087 multo,
662 1018 690 1074 iu
702 1019 823 1090 quodam
842 1027 935 1077 ιιεῑιο
947 1020 1021 1090 quod
1072 1031 1100 1086 in
1117 1041 1190 1089 terra
1213 1037 1372 1107 provinciae,
1387 1038 1524 1112 legatione
1543 1058 1594 1114 pro
1609 1045 1684 1117 pacis
1699 1055 1726 1103 ct
1741 1047 1802 1105 fidei
1817 1065 1865 1108 ne-

226 1107 404 1179 espuguabat
429 1123 514 1180 prope
538 1108 816 1181 dientem-regalem,
841 1110 915 1184 quod
939 1110 1020 1169 Brom
1071 1121 1147 1193 gotio
1168 1118 1351 1198 fungebatur,
1370 1131 1538 1219 convocavit
1553 1132 1626 1205 apud
1645 1133 1864 1195 breniouenscm

226 1200 340 1267 dicitur,
353 1217 417 1258 cum
434 1202 603 1260 aduersariis
617 1203 680 1260 iidei
698 1204 770 1276 cepit
784 1204 915 1261 clericum
934 1221 1021 1278 saepe·
1071 1215 1241 1285 prouinciam
1252 1220 1402 1278 concilium
1417 1225 1606 1294 praelatorum,
1629 1226 1657 1282 in
1671 1244 1727 1300 quo
1746 1230 1866 1287 concilio

225 1294 353 1362 dictum,
382 1311 465 1367 quem
491 1297 570 1368 prius
596 1298 631 1353 ab
653 1298 783 1371 episcopo
804 1298 1021 1358 earmssnnensi
1070 1311 1302 1370 exeommunicati
1317 1313 1429 1373 luerunt
1448 1325 1476 1374 et
1488 1319 1609 1390 expositi
1630 1318 1705 1377 cives
1721 1320 1863 1391 Tolosani,

225 1388 418 1461 degradatum,
433 1399 461 1446 et
474 1406 524 1462 per
547 1399 632 1447 totam
651 1393 899 1452 Carcassonensem
922 1395 1020 1453 cirita·
1069 1415 1121 1472 pro
1133 1403 1251 1475 eoquod
1269 1420 1302 1462 ea
1324 1423 1387 1478 quae
1399 1409 1489 1479 legato
1500 1421 1528 1469 et
1546 1413 1746 1487 crucesignatis
1760 1414 1865 1487 promi-

225 1491 282 1537 tem
307 1481 342 1537 ad
372 1481 489 1539 caudam
515 1485 579 1555 equi
605 1485 769 1543 distractum
794 1487 924 1559 suspendi
944 1488 1019 1557 iecit,
1070 1503 1163 1550 serant
1184 1494 1219 1552 dc
1239 1497 1400 1569 cspnlsiune
1415 1500 1620 1574 hereticorum,
1639 1514 1864 1579 contempserant

224 1575 338 1647 dignam
358 1591 410 1649 pro
431 1577 537 1633 meritis
557 1594 771 1650 recompensans
790 1581 930 1640 talionem.
948 1582 1020 1663 Quid
1069 1585 1230 1659 adimplere.
1252 1589 1354 1649 Comes
1383 1593 1467 1651 etiam
1491 1594 1646 1656 'dolosanus
1668 1600 1697 1655 in
1732 1600 1863 1672 praedieto

225 1666 346 1738 amplius
365 1670 529 1724 moramur?
544 1668 582 1725 lta
599 1670 658 1741 pari
675 1672 857 1746 malignitatis
868 1672 967 1730 allecto
981 1674 1019 1731 si·
1069 1679 1187 1735 coneilio
1198 1684 1460 1743 excommunicatus
1483 1685 1547 1758 luit,
1574 1690 1627 1746 sub
1644 1690 1801 1748 conditione
1819 1668 1862 1748 ta:

225 1759 328 1816 militer
349 1778 446 1818 omnes
468 1760 527 1818 iere
547 1762 682 1834 indigenae
700 1774 903 1823 recesserunta
918 1767 1019 1823 comite
1069 1786 1133 1827 men
1159 1771 1193 1840 si,
1218 1774 1344 1846 abjurata
1373 1779 1507 1853 pedagia,
1537 1781 1628 1840 denuo
1641 1785 1765 1857 accipere
1774 1794 1864 1842 atten-

224 1860 332 1917 nostro,
348 1853 422 1924 quod
434 1853 547 1911 amissis
563 1854 590 1910 in
607 1854 772 1913 brevissimo
783 1858 916 1929 temporis
930 1858 1018 1930 spatio
1068 1871 1150 1921 taret.

222 1946 346 2002 castellis
371 1947 491 2018 amplius
514 1963 597 2019 quam
619 1943 813 2020 quadraginta,
841 1950 911 2006 nibil
929 1951 953 2007 ei
972 1967 1017 2008 re-
1064 2008 1071 2023 ,
1332 1977 1447 2037 ρΑρυΤ
1465 1979 1587 2041 ΜΝ

222 2038 328 2143 “Qu
342 2048 443 2110 liidie?
461 2030 661 2097 C³l⁰³⁸⁵⁰l¹²¹¹¹
678 2051 705 2098 ⁰¹
715 2041 912 2149 F³¹¹¹¹¹¹¹⁴0li⁸
926 2056 952 2100 ⁰¹
966 2041 1019 2100 ⁸²·
1033 2008 1055 2065 B
1069 2067 1163 2123 Comes
1174 2068 1393 2140 lleirnsndusspe
1402 2088 1483 2143 quom
1493 2074 1522 2127 in
1535 2073 1632 2129 Gallius
1647 2091 1706 2148 rege
1720 2077 1862 2148 repositam

223 2147 335 2187 aracum
352 2141 380 2188 et
399 2142 522 2188 castrum
547 2134 581 2191 dc
597 2134 721 2205 Limosa,
736 2137 770 2193 dc
786 2153 842 2208 quo
865 2147 948 2216 etnam
970 2139 1019 2195 de·
1348 2140 1460 2196 babebat
1474 2144 1584 2201 cncidit.

222 2225 397 2296 sperabatur,
413 2236 441 2283 et
451 2237 573 2284 castrum
589 2229 769 2299 apamiarum
789 2241 817 2287 et
831 2228 1016 2298 Sararduum,
1105 2230 1225 2289 Rediens
1241 2248 1334 2289 eomes
1345 2231 1481 2291 Tolosaea
1498 2235 1623 2294 Romana
1637 2254 1726 2310 curra,
1741 2241 1862 2300 renitad

222 2319 322 2374 ciuitas
333 2320 417 2376 etiam
429 2321 520 2389 albia,
535 2337 598 2377 cnm
612 2322 704 2379 ricino
719 2331 812 2380 castro
826 2324 901 2395 quod
916 2325 1019 2380 dicitnr
1068 2324 1207 2381 Othonem
1228 2325 1276 2397 qui
1291 2325 1436 2383 dicebatur
1448 2327 1609 2400 imperator,
1625 2339 1656 2388 ut
1671 2332 1731 2403 ejus
1745 2335 1860 2405 gratiam

221 2414 404 2469 brrrbileturn.
425 2412 481 2471 Nec
505 2415 681 2471 reticendum
696 2417 770 2489 quod
793 2416 886 2487 plures
908 2417 943 2474 de
962 2419 1017 2475 illis
1067 2414 1234 2487 acquireret,
1251 2424 1279 2471 et
1303 2416 1364 2488 ejus
1387 2426 1482 2475 contra
1508 2421 1636 2477 comitem
1662 2421 1861 2482 bortis-tonis

221 2522 294 2579 quos
312 2507 415 2565 nobilis
430 2524 523 2565 comes
542 2509 570 2564 in
588 2510 688 2566 eastris
706 2512 898 2569 custodiendis
918 2529 1017 2584 posue·
1066 2505 1200 2562 milium
1216 2507 1385 2578 ἱῐΰΡῙθιῧῐθῑ·
1403 2507 1467 2566 ¹⁰⁶0
1481 2511 1556 2567 Veni!
1569 2512 1602 2568 ιι]
1618 2529 1708 2586 rebem
1724 2512 1859 2583 Fltnciae·

220 2607 275 2665 rat,
299 2600 343 2654 rel
358 2599 519 2655 occiderunt
532 2599 686 2669 proditores
706 2608 796 2667 terre,
820 2601 864 2657 rel
882 2603 1014 2661 membris
1067 2607 1097 2651 ut
1107 2613 1171 2654 eum
1183 2599 1276 2657 verbis
1291 2599 1363 2657 detis
1383 2616 1566 2674 corrumpens
1589 2615 1682 2676 posset
1698 2607 1758 2678 ejus
1779 2609 1814 2665 ad
1828 2625 1860 2665 sa

219 2693 466 2749 detruncaverunt.
484 2691 555 2760 Quid
574 2691 678 2748 laceret
702 2707 796 2750 comes
810 2692 934 2752 Christi?
947 2693 1016 2762 Quis
1066 2691 1189 2746 animum
1207 2692 1351 2750 inclinare.
1369 2692 1427 2750 Rea
1440 2703 1544 2765 autem,
1557 2705 1651 2769 utpote
1663 2699 1705 2754 rir
1723 2700 1860 2760 discretus

221 2789 248 2843 in
263 2797 340 2844 tanta
362 2787 530 2844 adversitate
545 2802 600 2843 non
616 2776 755 2856 deficeret,
775 2788 802 2845 in
820 2796 897 2845 tanto
918 2789 1016 2848 discri·
1065 2795 1093 2840 et
1107 2785 1252 2857 providus,
1274 2787 1400 2858 despexit
1411 2802 1474 2844 eum
1492 2789 1557 2859 quia
1571 2793 1785 2863 contemptibilis
1800 2804 1860 2851 erat

219 2880 295 2936 mine
314 2895 370 2936 non
385 2878 562 2950 desperaret?
585 2878 638 2936 Sed
658 2880 700 2936 rir
716 2880 816 2937 nobilis
830 2889 919 2937 totum
940 2898 971 2938 sc
987 2882 1014 2938 in
1064 2877 1154 2934 ralde.
1181 2878 1305 2936 Audiens
1329 2888 1422 2935 autem
1437 2895 1530 2937 eomes
1553 2881 1759 2952 biantis-ionis,
1783 2886 1859 2958 qnod

219 2972 307 3029 ileum
322 2973 472 3044 projiciens
491 2971 580 3044 quiin
601 2974 742 3045 prosperis
758 2972 827 3045 erigi
847 2989 903 3031 non
923 2974 1025 3053 novit,
1063 2981 1159 3026 comes
1175 2966 1283 3026 Tolosae
1297 2980 1424 3042 pergeret
1439 2970 1778 3041 inl'raneiam,mandarit
1788 2993 1860 3050 prae·

218 3066 336 3138 deprimi
349 3080 406 3122 uon
425 3066 514 3137 potuit
538 3066 566 3121 iu
591 3066 724 3123 adrensis.
740 3064 823 3122 Facta
839 3075 1012 3139 suntantea]
1063 3061 1154 3135 cipuis
1170 3061 1332 3120 bominibus
1347 3064 1407 3122 suis
1421 3065 1455 3122 de
1468 3064 1597 3135 Francia,
1613 3076 1644 3125 ut
1659 3077 1761 3127 terram
1776 3087 1855 3127 suam

218 3160 314 3216 ornnia
327 3158 404 3216 circa
418 3158 517 3215 testum
535 3158 685 3215 dominicae
697 3156 867 3217 Natiuitatis.
1062 3163 1091 3212 et
1104 3155 1197 3212 omnia
1212 3171 1274 3227 quse
1300 3155 1419 3213 babebat
1442 3157 1504 3229 ejus
1518 3169 1687 3230 exponerent
1698 3162 1834 3221 voluntati
1848 3183 1856 3234 ;

486 3248 603 3307 CAPUT
622 3249 744 3306 llllell.
1063 3247 1156 3306 adhuc
1167 3249 1244 3306 euim
1261 3266 1316 3306 non
1329 3261 1408 3307 crant
1420 3252 1514 3310 lrostes
1527 3253 1665 3312 manifesti
1682 3257 1716 3312 ad
1728 3257 1857 3317 invicem.

308 3342 402 3401 Comes
422 3344 589 3399 linimrnrdus
605 3342 717 3399 llomnm
733 3345 922 3415 proficiscitur.
978 3372 981 3384 ·
1026 3338 1164 3424 CComes
1179 3342 1263 3397 etiam
1274 3339 1428 3399 Tolosanus
1441 3343 1563 3414 praestito
1581 3345 1739 3416 juramento
1753 3350 1858 3421 promi·

251 3436 324 3493 Cum
337 3437 397 3495 brec
410 3444 574 3507 agerentur,
589 3450 684 3492 comes
699 3434 854 3493 Tolosanus
869 3438 903 3494 ad
918 3452 1011 3510 regem
1065 3441 1140 3489 serat
1149 3433 1224 3504 quod
1235 3426 1319 3491 dliam
1332 3435 1442 3491 comitis
1453 3433 1647 3495 biantis-sortis
1658 3439 1771 3499 baberet
1783 3440 1857 3499 illius

217 3525 232 3585 1>
241 3528 343 3587 rancia
358 3529 486 3593 accessit,
511 3527 533 3584 si
556 3544 612 3600 quo
634 3528 717 3585 modo
739 3536 833 3600 posset
852 3528 977 3586 obtinere
996 3546 1012 3586 a
1063 3543 1134 3584 suus
1155 3527 1183 3582 in
1207 3543 1345 3585 uxorem:
1372 3529 1445 3601 qnod
1461 3536 1568 3601 postca,
1584 3532 1854 3605 spretojuramcnto,

217 3640 293 3696 roge,
309 3632 340 3679 ut
360 3637 431 3679 nora
445 3622 567 3694 pedagia
584 3639 646 3696 qum
664 3623 843 3680 demandato
859 3623 1013 3696 legatorum
1063 3619 1146 3676 sallas
1159 3628 1186 3676 et
1200 3621 1360 3678 inconstans
1372 3620 1463 3689 iacere
1478 3622 1627 3679 recusarit.
1644 3622 1747 3682 llidcns
1760 3642 1855 3686 comes

217 3718 412 3788 adjacuerat,
430 3732 479 3789 per
498 3716 632 3772 auxilium
645 3726 673 3772 et
686 3715 925 3772 confirmationem
940 3716 1013 3788 regis
1063 3712 1171 3770 Tolosae
1182 3713 1256 3785 quod
1269 3712 1338 3769 nibil
1354 3714 1427 3786 apud
1439 3730 1531 3786 regem
1544 3715 1701 3787 proliceret,
1712 3733 1775 3774 cunr
1788 3733 1855 3776 con·

217 3818 313 3883 posset
327 3819 443 3867 tenere:
459 3810 518 3882 ipse
533 3809 607 3866 enim
627 3824 721 3866 comes
735 3824 821 3880 supra
835 3810 951 3867 modom
964 3809 1014 3866 ad·
1063 3804 1173 3863 lusione
1186 3806 1219 3863 ad
1239 3807 1350 3879 propria
1368 3807 1519 3864 remearit:
1536 3807 1595 3880 jaro
1612 3808 1647 3865 ad
1669 3808 1695 3901 id
1714 3810 1788 3881 quod
1812 3812 1856 3867 di·

218 3911 335 3960 auxerat
357 3902 479 3975 pedagia
501 3901 530 3957 in
555 3912 629 3958 terra
644 3917 706 3969 sua,
732 3902 768 3959 ob
790 3918 873 3974 quam
899 3918 1011 3959 causam
1063 3896 1190 3954 misimus
1208 3895 1366 3954 redeamus.
1390 3896 1476 3971 lgitur
1501 3899 1603 3956 nobilis
1625 3914 1719 3957 comes
1740 3900 1856 3959 Montis·

217 3996 361 4055 multoties
376 3995 467 4053 iuerat
487 3994 770 4052 excommunicatus:
793 3995 841 4052 sed
862 4010 927 4052 cum
942 3995 1012 4052 nihil
1064 3991 1143 4048 fortis
1157 3991 1285 4048 lrostibus
1308 3991 1366 4048 suis
1391 3992 1514 4065 undique
1538 3995 1750 4065 circumseptus,
1766 3995 1856 4052 bieme

218 4091 293 4164 apud
314 4103 409 4162 regem
429 4087 565 4160 proficere
588 4094 683 4158 posset
712 4101 797 4159 super
826 4086 1011 4144 detentionem
1063 4083 1110 4139 illa
1122 4083 1150 4139 in
1166 4084 1316 4154 semetipso
1331 4099 1392 4141 sese
1404 4084 1550 4154 continuit,
1564 4085 1631 4141 illud
1649 4086 1789 4143 modicum
1800 4096 1856 4143 ter·

217 4185 358 4243 dictorum
381 4179 577 4252 pedagiorum,
593 4177 709 4236 recessit
729 4193 827 4250 aroge
842 4177 966 4235 Francia
985 4189 1013 4235 et
1063 4190 1101 4230 rae
1116 4175 1190 4247 quod
1212 4174 1238 4232 ei
1255 4185 1427 4233 remanserat
1443 4176 1612 4247 custodiens,
1629 4193 1695 4235 suos
1710 4178 1792 4235 ctiam
1813 4178 1856 4258 ln·

218 4275 339 4332 accessit
351 4272 386 4330 ad
407 4271 549 4329 dominum
569 4284 680 4341 papam,
704 4277 814 4325 tentam
826 4268 849 4324 si
872 4268 1012 4340 quomodo
1063 4268 1167 4327 lestans
1182 4271 1282 4343 sapius
1295 4271 1444 4328 inimicos:
1467 4287 1519 4328 nec
1540 4271 1678 4329 silendum
1694 4273 1768 4346 quod
1790 4274 1855 4330 licet

218 4377 314 4443 posset
325 4366 434 4423 restitui
446 4375 526 4421 terrae
537 4377 605 4428 suae,
621 4375 705 4433 quarn
718 4361 801 4435 legati
816 4361 923 4417 domini
936 4376 1012 4433 papae
1063 4362 1179 4420 baberet
1197 4364 1322 4420 irriluitos
1339 4363 1434 4421 bostes
1457 4374 1485 4421 et
1496 4365 1682 4437 paucissimos
1702 4366 1853 4437 adjutores,

216 4461 430 4539 prpoecuritate
440 4464 651 4527 occupauerant,
665 4455 737 4512 sicot
752 4470 836 4527 supra
850 4469 1011 4527 expressum
1063 4472 1205 4528 nunquam
1231 4465 1324 4514 tannen
1351 4457 1443 4528 ipsum
1471 4458 1532 4515 ausi
1561 4466 1626 4514 sunt
1646 4459 1757 4531 aggredi
1782 4458 1854 4516 bellu

217 4564 272 4625 (st,
287 4566 316 4612 et
337 4553 440 4610 summi
458 4549 598 4622 pontificis
615 4549 734 4622 gratiam
748 4548 864 4621 adipisci
879 4567 886 4604 :
901 4563 1011 4605 omnem
1062 4548 1192 4621 campali.
1218 4549 1298 4606 Circa
1322 4549 1432 4605 initium
1452 4564 1519 4605 nero
1542 4549 1768 4621 Quadragesimae
1782 4565 1855 4605 nun·

217 4651 321 4723 quippe
343 4645 527 4702 bumilitatem
549 4652 577 4699 et
602 4641 805 4714 subjectionem
826 4640 1012 4712 pretendebat
1064 4644 1149 4699 tiator
1159 4642 1254 4699 comiti
1269 4657 1384 4699 uxorem
1399 4658 1478 4698 suam
1493 4643 1664 4699 comitissam
1689 4643 1788 4715 (ipsam
1812 4642 1853 4697 si·

217 4744 263 4801 sir
283 4740 495 4806 dolosissimus,
518 4746 546 4794 et
569 4737 663 4793 omnia
687 4748 860 4808 quecunque
881 4733 1011 4790 domiuus
1027 4723 1174 4808 ”quidem
1187 4742 1331 4790 rucarerat
1347 4750 1363 4789 a
1377 4733 1505 4806 Francia)
1523 4749 1586 4790 cum
1612 4733 1738 4804 pluribus
1755 4732 1854 4789 militi-

217 4852 290 4909 papa
304 4834 476 4907 preciperet,
489 4828 665 4902 promittebat
677 4844 708 4884 sc
719 4827 837 4885 sollicite
848 4825 1008 4897 adimplere.
1063 4825 1116 4882 bns
1141 4825 1273 4882 aduenire
1285 4843 1293 4882 ε
1306 4840 1362 4895 quo
1384 4824 1490 4893 audito,
1506 4840 1601 4881 urmes
1618 4825 1666 4881 init
1688 4824 1713 4882 ei
1730 4824 1852 4894 ebriam,

217 4928 308 4999 Quem
321 4925 452 4985 dominus
471 4936 542 4995 papa
563 4928 605 4976 tot
616 4920 692 4977 uitiis
702 4918 852 4986 lacessivit,
865 4924 1010 4974 coutume·
1062 4934 1152 4991 usque
1166 4917 1202 4974 ad
1212 4917 1350 4989 quoddam
1365 4927 1486 4974 castmm
1499 4917 1526 4973 iu
1538 4917 1679 4975 territorio
1691 4916 1852 4990 Agatbeusi,

216 5023 264 5081 liis
277 5031 321 5079 tot
334 5013 560 5088 confuditqood
573 5014 656 5086 qnasi
679 5014 706 5069 in
730 5011 922 5085 desperatione
934 5009 1011 5082 posi-
1061 5010 1136 5084 quud
1161 5009 1264 5067 dicitur
1292 5008 1475 5079 Persuasum,
1504 5011 1554 5067 ubi
1577 5011 1666 5082 ipsam
1697 5011 1852 5081 inveniens,

217 5128 275 5187 tos,
284 5114 352 5189 quid
364 5122 456 5186 ageret
469 5107 625 5184 ignorabat.
640 5105 733 5178 ipsum
744 5105 882 5178 siquidem
901 5102 1011 5162 dicebat
1060 5105 1262 5163 carcassonam
1277 5119 1342 5161 cum
1359 5103 1501 5175 diligentia
1515 5105 1658 5162 remearit.
1674 5103 1851 5161 domantem

216 5207 405 5276 lacrotlmum,
418 5205 512 5263 erucis
531 5210 747 5277 persecutorem,
769 5199 833 5255 fldei
854 5197 1009 5264 inimicum,
1060 5202 1167 5259 reniret
1179 5199 1213 5255 ad
1229 5197 1367 5270 quoddam
1386 5205 1510 5255 castrum
1533 5197 1608 5269 quod
1624 5196 1727 5255 dicitnr
1750 5195 1852 5255 Canis·

215 5315 246 5362 et
265 5318 331 5361 rere
355 5301 396 5359 sie
414 5307 483 5357 erat.
508 5295 706 5354 Verumtamen
730 5291 858 5364 cogitans
879 5289 1011 5347 dominus
1060 5300 1225 5360 suspensus,
1240 5285 1344 5343 dictum
1359 5295 1403 5343 cst
1415 5286 1441 5344 ei
1458 5286 1532 5358 quod
1553 5288 1681 5345 homines
1704 5285 1850 5359 cuiusdam

216 5414 288 5471 papa
306 5412 342 5453 ae
356 5395 384 5451 in
399 5391 620 5465 desperationem
645 5401 753 5454 sersus,
774 5382 929 5441 Ecclesiam
948 5398 1011 5456 quaa
1060 5379 1157 5448 castri,
1169 5379 1243 5452 quod
1255 5379 1358 5437 dicitur
1380 5377 1534 5436 lionslanri
1545 5394 1630 5451 prope
1649 5379 1850 5437 monasteriam

216 5491 247 5548 in
261 5487 436 5546 Narbonensi
450 5483 591 5558 provincia
614 5478 719 5554 pupilla
739 5485 814 5545 erat,
837 5477 1011 5550 impugnaret
1060 5473 1095 5530 de
1107 5473 1217 5540 Crassa,
1234 5472 1307 5531 iacta
1328 5472 1494 5545 proditione,
1518 5475 1669 5530 servientes
1689 5473 1778 5544 ipsius
1801 5473 1848 5545 qui

215 5587 311 5646 aerim
330 5592 358 5640 et
371 5579 544 5639 manifestius
559 5579 650 5634 dictos
671 5588 766 5632 eomes
780 5571 881 5629 indixit
894 5571 920 5628 ei
942 5586 1009 5643 pur-
1059 5567 1178 5623 erantiu
1194 5574 1270 5623 turre
1283 5567 1367 5625 castri
1382 5566 1548 5639 impugnare
1565 5567 1725 5636 ooepissent.
1751 5564 1849 5623 Statim

217 5680 358 5753 gationem
373 5690 457 5746 super
467 5671 575 5729 dnobus
588 5670 691 5742 quibus
712 5666 832 5723 marimo
857 5663 1008 5736 impeteba·
1059 5675 1154 5717 comes
1168 5670 1196 5715 et
1208 5659 1318 5727 milites,
1333 5659 1479 5715 dimittens
1497 5658 1669 5715 comitissam
1686 5657 1715 5713 in
1730 5657 1849 5729 quodam

217 5782 264 5831 tor
278 5769 452 5833 criminibus,
468 5780 552 5835 super
566 5772 655 5819 morte
673 5760 802 5817 videlicet
817 5758 897 5832 legati
915 5756 1009 5813 iratris
1060 5763 1165 5820 castro,
1178 5752 1244 5808 illuc
1265 5760 1392 5822 pergunt,
1403 5759 1431 5806 et
1445 5750 1494 5816 ita,
1509 5751 1582 5805 sicut
1595 5750 1750 5814 audierant,
1773 5749 1850 5805 istra·

217 5860 292 5921 Petri
317 5861 353 5917 de
376 5857 550 5915 Castronoro
573 5863 601 5911 et
626 5868 710 5925 super
723 5850 839 5908 crimine
861 5850 1008 5915 haereseos,
1060 5845 1179 5912 uiantes,
1194 5842 1297 5898 multos
1317 5842 1350 5896 de
1363 5842 1551 5913 proditoribus
1574 5841 1630 5897 illis
1647 5846 1799 5911 ceperunt,
1821 5845 1850 5895 et

218 5967 304 6023 snper
322 5965 393 6023 quas
411 5945 599 6020 purgationes,
625 5943 702 6001 misit
722 5941 852 5999 dominns
869 5955 939 6013 papa
962 5939 1008 5996 lit·
1059 5940 1190 6013 patibulis
1212 5938 1431 6010 suspenderunt;
1453 5939 1547 6010 plures
1569 5938 1643 5995 erri-
1658 5936 1726 5994 risis
1747 5948 1850 5993 exous

219 6054 295 6103 taras
310 6041 516 6114 sussepisropo
537 6035 664 6111 begiensi
684 6035 711 6092 in
733 6034 922 6109 provinciam
947 6047 1006 6090 ma·
1061 6035 1128 6092 stris
1144 6032 1280 6106 ingerant.
1293 6029 1359 6089 ron
1369 6030 1513 6091 beerenit
1525 6044 1616 6091 canes
1637 6038 1667 6087 ct
1679 6028 1803 6104 quicum
1815 6040 1848 6085 a»
