4350 6709
259 592 323 662 am
790 584 1357 661 mmmmmmmmmmmmt
1827 603 1883 662 rm

268 739 339 795 quos
355 723 384 778 in
397 708 490 779 lae'titia
505 736 601 777 sumus
622 719 720 788 acturi,
736 734 791 776 non
804 718 968 776 excedamus
982 718 1048 790 quin
1062 723 1086 782 A
1099 716 1208 788 junium
1218 715 1329 773 valeria
1342 725 1440 774 natura
1450 718 1646 777 debilitaretur.
1657 717 1688 776 ln
1700 719 1887 793 redemptione

267 824 351 884 capnt
366 822 489 869 nostrum
504 814 537 868 ad
553 813 638 869 coelos
653 813 729 883 sequi
751 813 901 867 valeamus.
918 811 967 867 Vel
981 826 1050 882 qua·
1102 806 1283 864 Sabbatorum
1296 808 1379 879 hujus
1390 812 1520 882 temporis
1542 813 1670 869 addidere
1683 813 1885 870 hebdomadam

266 904 392 974 draginta
414 904 511 959 diebus
523 903 692 974 jejunamus,
713 911 743 958 ut
765 917 799 958 eo
812 917 938 969 numero,
964 915 1049 972 quoa
1100 900 1887 973 octavam,vocanteshnctempnssexagesimamliemum

268 995 324 1049 lieo
355 995 540 1063 recessimus,
565 995 653 1051 cidem
684 995 907 1062 reconciliemus,
922 1010 987 1049 nam
1003 1009 1050 1064 per
1105 1001 1217 1063 propter
1269 995 1470 1050 venerationem
1514 997 1661 1053 [lominica
1713 995 1885 1053 ascensionis

265 1087 473 1156 quaternarium
500 1086 623 1156 corporis
647 1086 689 1141 vel
712 1086 790 1150 anni,
814 1086 909 1141 mundi
925 1085 968 1140 rel
984 1086 1048 1153 diei,
1101 1094 1220 1141 statuere
1243 1086 1331 1140 sancti
1351 1085 1458 1156 Patres,
1482 1096 1514 1144 ut
1531 1090 1625 1162 quinta
1644 1089 1711 1144 ieria
1737 1090 1808 1144 sieut
1830 1087 1888 1144 llo—

266 1187 401 1248 praccepta
424 1177 549 1249 Decalogi
570 1179 745 1235 violavimus.
763 1178 821 1234 lloc
843 1195 959 1235 numero
974 1178 1051 1234 Nini·
1100 1177 1201 1231 minica
1213 1177 1327 1233 celebris
1338 1179 1586 1250 haberetur3unde
1598 1191 1624 1237 et
1637 1181 1726 1237 adhuc
1736 1182 1830 1237 cadem
1842 1180 1889 1238 die

266 1269 329 1323 vitae
343 1269 493 1338 poenituere
506 1270 541 1335 ⁹¹;
557 1271 609 1324 hoc
624 1270 742 1338 spatium
754 1269 863 1325 dabitur
874 1270 924 1335 eis,
938 1272 985 1341 qui
998 1272 1049 1326 sub
1100 1269 1202 1326 lautius
1213 1285 1394 1340 procuramur
1407 1291 1415 1341 3
1437 1290 1486 1345 pro
1503 1274 1557 1330 illis
1571 1289 1672 1329 nonam
1687 1274 1889 1330 hebdomadam

271 1361 442 1418 Antichristo
461 1364 666 1432 apostatabunt,
682 1363 724 1416 hac
748 1371 812 1419 sunt
832 1363 944 1418 cortinae
956 1379 1049 1418 sacer·
1099 1362 1238 1428 addidere,
1261 1371 1288 1418 et
1312 1366 1353 1420 sic
1367 1366 1592 1437 septuagesimam
1620 1366 1785 1433 instituere;
1802 1374 1888 1420 totam

265 1454 360 1508 dotum
372 1455 474 1508 inatrio
484 1453 650 1508 tabernaculi
659 1453 836 1524 quadraginta
846 1454 996 1509 cubitorum
1008 1454 1048 1522 ¹¹;
1099 1449 1252 1504 secundum
1268 1451 1379 1509 Graecos
1390 1455 1495 1525 ieiunio
1509 1455 1723 1521 sanctificantes,
1737 1455 1770 1511 de
1785 1456 1889 1527 quibus

266 1546 310 1601 vel
325 1547 416 1615 potius
427 1546 606 1617 quadraginta
616 1547 712 1602 diebus
737 1547 904 1618 jejunamus,
921 1555 951 1602 ut
965 1548 1052 1603 scien·
1099 1542 1307 1612 superiussatis
1319 1549 1428 1617 copiose
1440 1549 1624 1603 tractavimus.
1634 1546 1711 1604 Nunc
1722 1549 1754 1603 ad
1764 1547 1889 1615 Quadra-

266 1635 304 1690 tia
325 1636 402 1707 legis,
413 1649 439 1692 et
453 1637 658 1706 prophetarum,
668 1649 696 1693 et
708 1640 827 1693 maxime
839 1639 946 1694 Domini
963 1639 1049 1694 nostri
1099 1636 1233 1707 gesimam
1249 1648 1428 1708 revertamur,
1444 1641 1515 1710 quod
1530 1648 1658 1709 tempus,
1676 1639 1740 1709 quia
1754 1641 1889 1710 poenitcn·

265 1725 331 1782 Jesn
346 1728 447 1783 Christi
462 1730 639 1783 imitationem
657 1739 684 1784 et
696 1731 810 1800 gratiam
826 1746 979 1786 mereamur
990 1749 997 1797 3
1008 1732 1050 1800 Je-
1099 1728 1145 1782 tim
1161 1729 1232 1785 solet
1248 1743 1275 1788 et
1294 1734 1374 1790 debet
1389 1734 1499 1798 ascribi,
1514 1732 1679 1803 poenitentiae
1693 1747 1758 1785 vero
1781 1731 1889 1787 lructus

263 1819 372 1890 junavit
386 1822 457 1876 enim
474 1821 579 1892 lloyses
590 1823 623 1875 ad
632 1823 816 1894 accipiendam
833 1824 918 1894 legem
930 1823 1049 1893 quadra·
1101 1830 1166 1875 sunt
1176 1822 1327 1894 jejunium,
1341 1834 1368 1881 et
1381 1825 1489 1897 rigi-liae,
1503 1833 1529 1879 et
1542 1825 1601 1880 aliar
1613 1824 1703 1880 carnis
1718 1823 1887 1893 afflictiones,

267 1913 342 1983 ginta
356 1913 451 1968 ‹lielms
464 1914 496 1976 ⁸⁸,
518 1915 643 1969 similitor
656 1922 682 1969 ct
696 1915 769 1969 Elias
782 1916 815 1978 ’³,
827 1915 920 1970 Daniel
941 1931 1050 1987 quoque
1101 1912 1276 1988 eleemosyna
1291 1918 1452 1989 corporalis,
1472 1927 1498 1973 et
1520 1917 1680 1989 spiritualis,
1695 1926 1722 1972 et
1738 1918 1790 1971 alia
1803 1931 1887 1985 opera

267 2003 356 2056 trihus
377 2003 592 2058 hebdomadibus
611 2005 744 2074 jejunavit
758 2006 791 2072 ⁸⁸,
808 2005 939 2061 hominus
956 2017 1050 2062 nascar
1101 2003 1310 2072 misericordie,
1327 2009 1414 2063 oratio
1429 2015 1456 2063 et
1470 2007 1635 2077 deprecatio,
1656 2002 1763 2062 et'aliac
1782 2008 1889 2078 species

266 2093 445 2162 quadraginta
469 2095 565 2149 dicbus
589 2096 692 2165 absque
716 2097 778 2150 cibo
802 2106 862 2166 post
885 2097 1049 2182 baptismum
1065 2075 1087 2131 B
1103 2099 1355 2168 contemplationis,
1370 2098 1488 2154 tietuset
1507 2099 1642 2170 lacrymae,
1657 2107 1684 2152 et
1698 2098 1751 2152 alia
1770 2099 1889 2169 insignia

264 2183 371 2248 statim,
391 2184 435 2237 ubi
451 2193 570 2240 tentatus
591 2187 673 2241 estin
689 2188 822 2242 desertoa
838 2189 956 2253 diabolo,
980 2190 1052 2260 jeju-
1104 2189 1287 2254 contritionis,
1300 2189 1415 2259 ideoque
1437 2189 1470 2243 de
1483 2189 1526 2243 his
1548 2196 1576 2243 et
1589 2189 1733 2254 similibus,
1750 2189 1783 2244 ad
1800 2191 1889 2259 poeni·

263 2274 385 2328 mauritil.
401 2274 434 2330 At
454 2276 492 2329 illi
505 2277 721 2348 Jejunavcreprn
737 2280 842 2342 merito,
858 2281 905 2335 sed
919 2279 1052 2338 Dominus
1104 2280 1216 2333 tentiam
1241 2280 1437 2348 pertinentibus
1450 2280 1478 2333 in
1493 2279 1599 2335 diurnis
1619 2288 1646 2335 ct
1670 2281 1814 2337 nocturnis
1829 2280 1890 2336 olii·

265 2370 317 2438 pro
339 2370 529 2439 institutione,
546 2372 678 2442 ieiunavit
693 2373 774 2427 etiam
793 2382 821 2428 et
846 2389 896 2444 pro
914 2375 1052 2446 exemplo,
1105 2368 1166 2432 ciis,
1186 2370 1213 2423 iu
1241 2369 1292 2424 hac
1311 2372 1365 2437 dic,
1394 2380 1421 2426 et
1445 2371 1621 2441 sequentibus
1637 2372 1747 2441 copiose
1769 2373 1844 2444 legit,
1861 2379 1891 2429 el

262 2463 340 2517 unde
362 2464 486 2518 nonrmlli
508 2481 590 2518 unam
605 2465 842 2537 quadragesimam
856 2467 991 2522 duntaxat
1003 2470 1054 2525 ob·
1105 2469 1196 2516 0³¹¹!st
1207 2459 1338 2515 Ecclesia·
1357 2461 1390 2517 Et
1406 2464 1607 2518 eSlROlandllm
1623 2464 1695 2534 quod
1715 2472 1824 2534 propiet
1846 2466 1891 2537 je·

262 2564 385 2610 servant.
411 2556 590 2612 communias
612 2569 653 2612 ese
672 2566 727 2612 cres
753 2559 910 2621 observem,
927 2576 961 2616 ρο
979 2562 1054 2632 quod
1102 2551 1173 2620 junii
1185 2552 1348 2621 principium
1365 2553 1430 2609 ordo
1442 2554 1810 2625 intercipiturhistoriarum,
1825 2575 1889 2615 cum

272 2644 390 2718 bioyscs,
400 2658 430 2702 ut
445 2649 556 2704 tradunt
568 2647 685 2715 liebraei,
701 2659 743 2703 ter
768 2651 922 2708 ascendens
948 2654 981 2708 ad
1000 2653 1055 2708 Do-

261 2739 372 2794 minum
386 2739 530 2810 jejunavit,
545 2742 587 2794 vel
598 2742 700 2811 potius.
726 2745 793 2811 quia
806 2753 865 2799 tres
879 2744 906 2798 in
920 2745 1054 2801 tribuslc·

272 2841 374 2901 guntur
392 2831 532 2902 jejunasse
546 2834 738 2904 quadragenis,
753 2834 873 2908 blogscs,
898 2837 982 2904 Elias,
1000 2837 1055 2892 Do-

261 2923 368 2989 minus,
384 2925 430 2979 sed
443 2940 505 2979 eum
527 2923 658 2980 [lominus
673 2926 752 2995 curius
767 2929 917 2987 imitatores
932 2946 993 2986 esse
1005 2931 1054 2986 dc·

262 3014 363 3071 bemm
379 3024 441 3086 pust
458 3018 624 3087 lraptismum
647 3018 720 3072 illico
736 3020 911 3092 jejunaverit.

301 3108 359 3163 Cur
373 3107 492 3164 Ecclesia
515 3118 576 3179 post
592 3109 771 3180 Epiphaniam
796 3131 851 3171 non
877 3117 981 3186 statim,
1006 3118 1052 3175 sed

261 3208 330 3255 ante
344 3200 448 3256 Pascha
461 3201 639 3271 ieiunandum
651 3202 793 3261 instituit?
808 3205 923 3265 Solutio.
937 3207 1030 3269 Primo
1044 3229 1053 3270 :

184 3228 396 3361 ¹&quoniam
421 3290 523 3347 Christi
540 3294 661 3363 passioni
677 3312 841 3356 resurrectio
857 3303 1051 3372 continuatum

1106 2642 1133 2697 in
1147 2646 1346 2715 septuagesima
1362 2654 1389 2701 et
1402 2647 1570 2717 sexagesima
1581 2656 1721 2703 cantatum
1745 2649 1826 2706 iuuerit
1852 2653 1887 2707 dc

1104 2735 1203 2800 Adam,
1218 2746 1244 2791 et
1257 2737 1285 2790 in
1295 2737 1520 2809 quinquagesima
1530 2738 1563 2794 dc
1575 2738 1641 2806 Noc,
1655 2749 1682 2795 et
1695 2740 1844 2796 Abraham.
1860 2742 1889 2798 ln

1104 2826 1157 2880 lrac
1169 2826 1255 2896 prima
1269 2827 1451 2897 interponitur
1465 2827 1498 2883 de
1512 2829 1645 2885 fructibus
1661 2831 1839 2901 poenitentiae:
1859 2833 1888 2887 in

1104 2920 1223 2975 secunda
1234 2935 1299 2975 vcro
1310 2921 1343 2975 de
1352 2918 1447 2985 Jacob,
1458 2921 1485 2974 in
1497 2921 1576 2976 tertia
1589 2922 1622 2978 dc
1631 2920 1741 2993 loseph,
1751 2923 1778 2979 in
1790 2935 1889 2995 quarta

1104 3011 1260 3066 cantabitur
1270 3010 1303 3066 de
1315 3011 1406 3083 bloyse
1419 3030 1426 3079 ;
1440 3013 1604 3068 hodiernum
1617 3029 1683 3069 vero
1698 3015 1827 3070 diurnum
1842 3015 1888 3071 oi-

1103 3100 1197 3158 licium
1209 3112 1378 3173 pugnaturos
1389 3105 1548 3174 perijunia
1564 3114 1660 3160 contra
1674 3106 1812 3162 diabolum
1822 3108 1888 3162 hor-

1104 3193 1297 3249 taturviriliter
1309 3193 1343 3247 ad
1354 3193 1549 3249 dimicandum.
1566 3194 1624 3250 llos
1639 3205 1680 3251 est
1693 3198 1770 3252 ducis
1784 3214 1888 3269 pugna-

1104 3285 1160 3339 tcri
1175 3283 1311 3339 tironibus
1321 3285 1493 3340 dimicaturis
1503 3301 1655 3356 proponere
1676 3291 1741 3359 ,qui
1752 3290 1826 3359 juste
1836 3306 1889 3361 pu—

260 3384 423 3454 pejrmamus
443 3401 507 3456 ergo
523 3397 586 3441 ante
600 3384 720 3445 Pascha‘
734 3404 870 3463 rogantes,
887 3404 917 3450 ut
937 3395 980 3450 cui
1005 3412 1088 3478 perc
1106 3385 1200 3449 finini·
1212 3376 1286 3448 (11]οᾱ
1301 3378 1443 3448 praemium
1467 3388 1635 3449 exspectant,
1647 3396 1700 3450 (1¹¹³
1722 3382 1837 3447 ⁰²u¹⁰¹³2
1860 3393 1889 3436 θῑ

265 3478 439 3534 alllietionem
456 3482 548 3536 carnis
574 3484 768 3554 compatimur,
787 3502 848 3541 cum
865 3489 911 3543 illo
927 3489 1052 3560 ingloria

262 3587 443 3644 resurgamus
457 3574 491 3629 ⁸⁸.
513 3575 548 3630 Et
562 3590 604 3633 cst
624 3580 659 3633 aul
683 3579 768 3634 instar
780 3580 884 3650 agrati,
905 3581 952 3650 qui
966 3581 1052 3652 magis

261 3663 405 3733 allligitur,
421 3679 484 3719 curn
495 3670 667 3735 approximat
682 3670 803 3724 sanitati.
823 3669 969 3726 Secundo:
984 3687 1053 3743 quo-

262 3756 340 3810 ·niam
359 3755 411 3812 huc
432 3758 615 3826 temporesrlii
642 3759 724 3815 lsrael
737 3769 837 3816 terram
860 3763 1053 3831 promissionis

266 3845 438 3901 intraverunt
448 3846 482 3913 n,
494 3849 536 3902 vel
547 3848 581 3904 de
597 3850 744 3922 Babylonia
758 3854 858 3908 reversi
871 3864 943 3921 sunt,
954 3864 981 3910 et
989 3871 1051 3910 mor

263 3936 371 3992 Pascha
380 3939 561 3995 celebravere.
569 3939 728 4011 Jejunamus
738 3959 802 4014 ergo
814 3953 851 4010 ut,
859 3955 967 4014 peracto
977 3946 1054 4002 labo·

190 4090 195 4099 ,
259 4044 307 4092 re,
321 4046 383 4084 cum
396 4030 505 4086 Christo
517 4047 704 4104 resurgamus,
718 4043 745 4089 et
757 4036 790 4089 dc
801 4037 852 4090 hac
863 4039 918 4092 vita
933 4038 966 4092 ad
974 4049 1052 4094 aetcr·

266 4139 330 4179 nam
356 4125 502 4179 transitum
531 4124 674 4182 iaciamus.
696 4127 805 4182 Tertio:
823 4130 952 4198 ‹prroniam
968 4147 1051 4186 verno

264 4225 391 4287 tempore
420 4217 539 4272 naturali
564 4230 640 4275 motu
664 4222 810 4276 caliditatis
831 4233 859 4278 et
881 4223 1051 4279 humiditatis

266 4317 364 4365 cuncta
380 4310 496 4367 viventia
518 4312 664 4368 lasciviunt
682 4314 709 4368 in
723 4314 861 4370 libidinem
876 4316 1052 4387 :jejunamus

265 4406 351 4479 igitur
360 4407 412 4462 hoc
424 4416 555 4479 tempore,
570 4420 599 4465 ut
613 4411 765 4482 jumentum
780 4424 903 4468 nostrum
915 4413 1051 4482 castigan-

264 4507 308 4558 tes
318 4501 345 4557 in
362 4503 519 4558 servitutem
533 4502 690 4574 redigamus
704 4506 749 4570 ¹⁰⁰,
765 4517 792 4560 et
809 4507 843 4561 ab
857 4506 959 4576 impetu
971 4506 1051 4560 irmu-

265 4594 315 4650 riae
331 4594 511 4650 refrenemus.
528 4593 604 4650 lianc
628 4597 711 4668 igitur
731 4596 852 4653 Ecclesia
867 4597 1049 4668 Quadragcsi·

264 4701 338 4740 mam
349 4685 485 4756 praedietis
496 4701 528 4740 ex
542 4686 635 4742 causis
659 4685 777 4742 instituit
793 4687 983 4758 jejumandum.
997 4686 1049 4742 Sed

1104 3472 1204 3542 quibus
1220 3470 1303 3526 armis
1315 3478 1437 3538 utantur,
1451 3486 1567 3540 quorum
1582 3474 1705 3543 exempla
1723 3483 1887 3543 sequantur,

1104 3563 1396 3634 quorumveaurilium
1413 3564 1613 3634 praestolentur,
1624 3580 1733 3621 causam
1755 3567 1887 3637 praedicat

1105 3654 1292 3727 Euangelium,
1314 3665 1342 3711 et
1363 3658 1507 3719 cautelam,
1521 3671 1581 3725 quae
1602 3658 1692 3711 omunia
1707 3671 1739 3712 ex
1761 3659 1888 3727 praesenti

1104 3747 1270 3817 colliguntur
1297 3745 1394 3800 olileio.
1413 3745 1465 3801 Sed
1490 3747 1616 3816 colligere
1634 3747 1728 3803 lectori
1752 3750 1887 3819 relinquo,

1104 3851 1130 3894 et
1141 3841 1250 3910 quidem
1261 3840 1317 3910 jam
1337 3855 1399 3910 pars
1415 3856 1511 3912 pugnae
1532 3851 1641 3910 peracta
1657 3852 1718 3908 est;
1744 3844 1806 3913 quia
1822 3846 1889 3898 dicit

1103 3932 1158 3998 ille,
1171 3945 1251 4001 quern
1264 3929 1451 3983 invocavimus
1465 3937 1644 3998 protectorem
1662 3946 1668 3982 :
1684 3929 1820 3984 larocohit
1835 3948 1887 3997 me,

1103 4033 1128 4077 et
1141 4039 1187 4093 eqo
1201 4023 1342 4076 arcadiam
1357 4037 1417 4075 eunt
1431 4022 1451 4088 ¹,
1463 4030 1490 4074 et
1502 4021 1530 4074 in
1542 4020 1657 4090 epistola
1673 4038 1681 4075 ι
1698 4019 1823 4089 Tempore
1842 4037 1888 4075 oc-

1103 4126 1176 4186 cepto
1191 4115 1314 4169 exaudiui
1338 4124 1372 4181 te,
1395 4124 1421 4167 et
1444 4115 1471 4168 ia
1491 4113 1645 4167 discretalis
1662 4114 1751 4183 adjuroi
1777 4124 1801 4168 te
1815 4115 1837 4169 ¹.
1858 4114 1887 4169 ln

1103 4210 1227 4282 graduali
1240 4210 1291 4263 no's
1305 4208 1392 4279 angeli
1404 4209 1561 4263 custodiunt
1579 4207 1599 4273 ¹,
1623 4208 1649 4261 in
1663 4216 1750 4260 tractu
1764 4207 1888 4263 veritatis

1102 4309 1181 4356 scuto
1203 4301 1406 4355 circumdamur
1418 4299 1449 4364 ⁸3
1465 4299 1492 4351 in
1504 4299 1643 4367 evangelio
1659 4299 1692 4352 ad
1718 4301 1887 4369 triumphum

1101 4371 1249 4461 tendimus,
1269 4394 1383 4448 inimico
1398 4393 1517 4448 dicentes
1532 4410 1539 4445 t
1557 4391 1628 4446 Vade
1643 4403 1724 4461 retro,
1740 4392 1843 4449 Satara
1863 4396 1886 4452 ⁸.

1102 4487 1136 4542 Et
1148 4488 1256 4543 attende
1266 4486 1339 4556 «quod
1352 4486 1387 4540 ab
1400 4486 1451 4539 hac
1462 4487 1505 4540 dic
1518 4489 1589 4539 hune
1601 4488 1735 4555 psalmum
1750 4506 1757 4542 :
1775 4487 1828 4553 Qui
1839 4489 1888 4543 iro·

1102 4582 1179 4643 bitot,
1194 4580 1347 4649 frequentat
1359 4577 1491 4644 Ecclesia,
1505 4580 1567 4648 quia
1583 4581 1618 4633 sit
1631 4581 1776 4636 hisdiebus
1791 4583 1818 4635 in
1830 4597 1889 4636 ma·

1102 4686 1155 4744 gno
1169 4672 1318 4728 certamine
1328 4671 1485 4726 constituta.
1502 4669 1551 4726 liic
1561 4682 1651 4726 autem
1664 4674 1786 4742 psalmus
1800 4673 1887 4730 infor·

265 4777 329 4847 quia
347 4778 438 4832 cleriei
459 4778 529 4832 sicut
553 4778 711 4847 praecedunt
726 4781 854 4849 populum
876 4779 981 4842 ordine,
1009 4782 1050 4836 sic
1064 4761 1089 4821 Ῑ)
1103 4774 1159 4820 “¹³1
1181 4780 1229 4820 0⁰⁵
1252 4765 1343 4835 quiin
1364 4764 1512 4819 cefiimisse
1527 4766 1608 4834 ll⁰⁵iii
1631 4780 1707 4819 ⁵⁰³¹ss
1722 4767 1750 4820 5¹¹
1768 4765 1887 4822 ⁰⁰mi¹¹⁰

264 4870 396 4924 deberent
411 4870 565 4939 praecedere
596 4873 743 4928 sanctitate
766 4890 772 4926 τ
788 4873 848 4926 ideo
867 4871 1050 4943 Telesphorus
1098 4873 1206 4934 villum
1218 4875 1305 4931 spem,
1321 4869 1349 4914 ⁰¹
1359 4860 1393 4914 ³¹²
1409 4861 1468 4930 '¹9⁸⁰
1482 4861 1620 4930 P⁰S¹¹¹l³¹¹i
1635 4863 1811 4932 idiul‘fflum·

265 4976 334 5031 papa
343 4959 461 5015 l'llmam
485 4961 588 5017 addidit
602 4964 790 5033 septimanam,
804 4979 905 5019 vocans
917 4966 967 5019 hoc
979 4974 1049 5019 tem-

263 5068 315 5122 pus
333 5052 597 5123 quinquagesimam,
615 5054 688 5124 quod
699 5071 748 5111 nec
766 5056 846 5110 ctiam
862 5056 992 5127 mysterio
1003 5075 1051 5112 ea·

261 5152 303 5197 ret
320 5161 327 5209 ;
344 5158 418 5207 nam,
433 5143 504 5198 sicut
514 5159 563 5214 per
579 5159 626 5201 sex
639 5146 822 5202 hebdomadas
834 5163 859 5201 vr
873 5148 1050 5217 intelligimus

262 5229 457 5286 misericordiae
479 5245 573 5301 opera,
600 5233 639 5288 sic
663 5250 712 5305 per
727 5251 765 5290 vu
787 5236 980 5304 hebdomadas,
1008 5258 1045 5296 rn

265 5321 340 5375 modi
365 5322 565 5393 significantur,
596 5325 696 5395 quibus
723 5328 837 5383 erimina
862 5330 1047 5391 remittuntur.

262 5416 368 5470 scilicet
382 5431 430 5486 per
442 5417 620 5487 baptismum,
634 5434 682 5490 per
693 5422 865 5492 martyrium,
880 5438 927 5493 per
935 5424 1049 5478 elcemo

262 5521 369 5576 synam,
384 5522 432 5576 per
456 5507 668 5580 indulgentiam,
694 5527 742 5581 per
756 5513 987 5582 praedicationem,
1000 5530 1049 5584 per

260 5596 434 5665 charitatem,
452 5614 501 5669 per
514 5603 714 5670 poenitentiam
732 5605 893 5676 procedente
904 5621 968 5661 vero
979 5616 1048 5660 mvn-

260 5701 338 5758 pore,
353 5690 484 5758 quoniam
499 5707 532 5747 ex
545 5697 733 5763 praemissione
748 5698 928 5767 quorumdam
943 5697 1049 5767 pontili-

259 5792 324 5835 cum
339 5781 381 5835 his
405 5782 434 5836 in
462 5783 583 5841 Sabbato
607 5789 812 5854 comedebatur,
828 5806 862 5846 ne
879 5801 988 5861 propter
1007 5791 1049 5860 je·

1138 4951 1247 5007 Rursus
1259 4951 1294 5006 ab
1309 4950 1360 5005 hac
1374 4951 1418 5006 dic
1444 4967 1530 5022 usquc
1550 4953 1583 5007 ad
1599 4952 1767 5009 Parasceven
1788 4969 1887 5011 cruces

1107 5047 1275 5114 operiuntur,
1287 5052 1314 5099 ct
1326 5043 1415 5098 velum
1433 5053 1495 5099 ante
1510 5046 1596 5100 altare
1609 5046 1797 5116 suspenditur;
1812 5049 1887 5119 quod

1103 5135 1216 5189 aveteri
1235 5133 1294 5204 lege
1305 5134 1456 5189 derivatum
1469 5150 1529 5190 esse
1548 5136 1678 5191 creditur.
1697 5135 1791 5192 Velum
1807 5154 1888 5194 nam-

1102 5240 1166 5296 que,
1189 5226 1339 5281 secundum
1373 5225 1468 5297 legem,
1493 5228 1563 5281 miro
1588 5243 1670 5297 opere
1691 5239 1912 5301 cnrrtcxtumct¹

1101 5318 1214 5387 pulchra
1242 5320 1371 5372 varietate
1394 5318 1554 5383 distentum,
1584 5319 1654 5373 inter
1669 5330 1762 5374 saneta
1777 5308 1888 5376 saneto²

1101 5427 1162 5465 rum
1178 5412 1406 5481 suspendebatur,
1421 5425 1468 5480 per
1481 5409 1553 5479 quod
1569 5397 1631 5464 arca
1661 5412 1762 5481 populo
1777 5413 1887 5469 velaba-

1100 5504 1176 5565 tur⁶,
1191 5504 1262 5573 quod
1279 5505 1307 5556 in
1334 5503 1461 5573 passione
1476 5501 1582 5554 bantini
1608 5504 1725 5558 scissum
1739 5513 1779 5559 est
1792 5506 1815 5569 i,
1832 5506 1888 5559 hoc

1101 5604 1144 5650 est
1160 5598 1271 5660 caelum,
1287 5594 1358 5661 quod
1382 5594 1478 5648 dividit
1499 5594 1570 5647 inter
1596 5595 1747 5664 corporalia
1762 5605 1790 5649 et
1802 5596 1885 5664 spiri·

1101 5690 1195 5752 tualia,
1211 5703 1265 5756 quo
1280 5686 1358 5740 nohis
1385 5686 1488 5741 celator
1507 5684 1644 5752 Christus,
1670 5696 1697 5741 et
1718 5688 1814 5742 civitas
1841 5687 1885 5741 illa

1103 5797 1231 5852 superna,
1257 5776 1329 5847 quod
1344 5777 1527 5847 postmodum,
1546 5787 1575 5831 ut
1590 5776 1658 5832 liber
1671 5779 1851 5848 eonvplicatur
1863 5778 1886 5864 ⁸,

313 5909 1883 5990 ”manmmmmcmmm0mmwacmmn”mmecmnc

261 5981 1885 6068 ”mammwstmmnmwstmmnmstmmnmmmmmm.

262 6059 272 6088 ⁸
288 6055 340 6111 lsa.
352 6057 397 6113 di.
