4350 6709
217 529 268 593 ass
822 532 987 590 ursrouu
1007 527 1254 587 saucmsruu.
1789 538 1846 601 334

215 656 346 727 purgarit
359 658 493 720 reutrem,
505 662 532 709 et
546 656 573 708 iu
584 660 771 724 contemptum
787 652 834 709 bei
856 668 919 709 eum
934 651 1006 723 palla
1020 656 1044 715 Α
1059 649 1117 705 imo
1127 649 1212 705 etiam
1231 648 1460 719 decapitationem
1473 663 1525 721 pro
1550 650 1619 723 ipsis
1644 665 1758 725 paratus
1785 673 1847 715 suan

214 748 311 804 altaris
334 748 414 803 tersit
427 747 580 818 posteriora
599 760 661 801 sua.
680 744 704 800 ι)
723 746 814 801 seclus
831 746 1004 802 inauditum!
1057 742 1205 799 sustinere.
1222 760 1233 794 ι
1250 739 1314 799 llaec
1331 742 1366 797 de
1380 742 1572 800 incredulitate
1598 753 1627 801 et
1648 748 1754 805 malitia
1778 752 1847 809 dicti

214 840 289 896 llirit
316 850 345 897 et
365 840 512 896 hereticus
532 840 678 911 praedictus
703 839 823 910 quadam
851 840 896 895 dic
919 841 1005 911 qaod,
1057 836 1151 893 miseri
1168 835 1273 893 dixisse
1283 835 1413 903 sufficiat,
1429 850 1503 892 nuuc
1524 839 1743 915 suprapositum
1753 858 1849 901 rerer-

213 932 327 1004 quando
341 932 471 988 sacerdos
483 933 510 987 ιη
523 933 606 988 missa
619 932 786 1002 percipiebat
798 931 933 989 bomiuiei
944 942 1007 989 cor·
1057 934 1158 985 tantur·

212 1025 516 1097 porissaeramentum,
540 1025 697 1095 traiieiebat
722 1024 875 1081 daemonem
892 1025 920 1080 in
940 1040 1005 1082 corn
1080 1098 1085 1106 Ι
1242 1078 1249 1091 ,
1363 1040 1478 1097 cpppp
1497 1041 1529 1098 p⁴

213 1134 267 1190 9⁸¹⁵
280 1132 363 1173 *Μ
374 1135 382 1172 ²
395 1134 457 1190 (lle
476 1119 568 1174 (Μὴ
586 1134 649 1175 ⁰¹¹¹¹¹
665 1119 708 1173 Vll
730 1118 894 1175 lessfflffiffl
918 1119 1005 1177 abb„
1057 1133 1097 1189 De
1110 1140 1222 1189 admotu
1234 1150 1271 1189 ιιιι
1290 1136 1415 1189 albatam
1433 1136 1536 1190 ordinis
1555 1133 1737 1196 Gistcrcleusls
1748 1160 1847 1201 casse·

212 1211 352 1276 cistercii,
365 1213 412 1283 qui
428 1220 493 1268 tunc
506 1221 566 1267 erat
584 1213 670 1269 abhas
684 1212 892 1268 Grandis-silue
906 1212 932 1268 in
951 1221 1007 1270 ter·
1076 1220 1141 1286 quc
1150 1207 1349 1289 predicationis
1361 1215 1387 1284 cl
1403 1208 1490 1288 rodim
1504 1224 1536 1261 ac
1549 1209 1734 1292 odltaudomiui
1748 1214 1846 1275 Diuum

212 1306 311 1362 ritorio
339 1298 479 1361 Tolosano
493 1305 587 1360 eauriti
602 1305 751 1373 retulisset,
767 1314 870 1361 eteum
883 1311 1006 1361 moueret
1091 1293 1207 1348 ‘⁹¹⁶⁶0P'
1225 1277 1393 1344 ⁰²⁰m⁶m²⁸=
1411 1278 1686 1348 “mll'l‘ss‘l‘l'l‘ll‘·
1796 1360 1799 1368 ¹

211 1400 380 1470 equitantum
405 1397 513 1454 lacinus
527 1406 711 1469 perpetrarat,
745 1398 888 1469 respondit
910 1412 1005 1455 comes
1090 1389 1235 1446 Celebrate
1254 1391 1441 1461 disputatione
1452 1398 1603 1462 praenotata
1617 1396 1644 1451 in
1663 1395 1847 1471 Motatorem·

210 1492 285 1561 quod
301 1491 473 1548 nullomodo
488 1494 598 1564 puniret
611 1502 722 1563 propter·
739 1493 793 1548 hoc
807 1492 895 1548 mrem
909 1504 1002 1550 sunm,
1055 1482 1086 1552 li,
1109 1485 1174 1540 darn
1202 1485 1293 1540 adbuc
1316 1494 1411 1541 essent
1437 1487 1633 1555 praedicatores
1660 1494 1748 1549 nostri
1774 1497 1846 1566 apud

211 1583 439 1639 abominationes
452 1584 596 1655 praedictas
622 1585 744 1639 narrarit
771 1584 901 1642 dominus
919 1585 1004 1641 abbas
1055 1578 1323 1651 Mutuum-tegulum.
1343 1589 1371 1635 et
1388 1583 1605 1653 circumquaque
1622 1587 1735 1643 terbum
1759 1589 1807 1646 llei
1819 1602 1848 1649 et

210 1676 416 1745 cisterciensis,
430 1679 477 1748 qui
497 1688 561 1733 tunc
572 1686 632 1734 erut
645 1679 870 1749 archiepiscopus
897 1677 1004 1735 Narbo·
1055 1672 1153 1728 salutis
1169 1674 1273 1728 monita
1285 1672 1453 1730 seminantes
1467 1677 1784 1739 mendicarentostiatim
1798 1700 1848 1754 pa·

211 1770 306 1827 nensis
320 1770 408 1828 lerose
421 1771 516 1843 uiginti
530 1772 677 1843 episeopis,
688 1788 731 1828 me
747 1780 879 1844 praescitae
894 1773 922 1827 in
937 1789 1004 1828 con.-
1054 1778 1117 1819 ucm
1131 1780 1224 1829 suarm,
1241 1764 1399 1835 super-veuit
1410 1767 1452 1821 ιιι
1463 1769 1630 1827 rencralrllis
1641 1772 1727 1830 abbas
1740 1772 1848 1832 Cister-

210 1862 275 1918 eilio
288 1863 363 1933 apud
377 1861 500 1918 laurum
515 1880 522 1918 ι
537 1864 607 1918 adeo
618 1874 710 1919 autem
723 1878 830 1935 semper
852 1865 904 1920 luit
922 1865 1004 1919 lusu·
1054 1857 1101 1924 ⁰55,
1115 1858 1263 1913 hunaudus
1277 1859 1426 1926 nomines
1443 1861 1569 1931 partibus
1584 1860 1720 1930 Francia,
1733 1868 1848 1927 abbates

210 1954 304 2010 riosos
316 1962 344 2010 et
358 1955 482 2011 lubricus
497 1955 588 2011 dietus
612 1971 716 2022 eomes,
739 1956 825 2026 quod,
852 1958 925 2013 eierat
952 1972 1003 2029 pru
1054 1948 1198 2005 duodecim
1216 1950 1321 2005 habeus
1342 1964 1448 2015 selum·
1464 1951 1512 2021 (ιιΙί
1525 1951 1611 2009 ‘uuili
1625 1953 1675 2009 llll
1694 1956 1847 2028 mutilibus·

209 2055 287 2101 certo
313 2046 489 2115 didiscimus,
510 2062 605 2103 sorore
634 2048 745 2119 propria
768 2049 943 2110 abutebatur.
975 2041 1246 2119 iupvirilltffeulae
1261 2052 1402 2099 elssussulae
1421 2044 1555 2113 flcissssllaer
1574 2047 1847 2121 tlrllncoutparahi-

211 2146 402 2210 contemptum
412 2137 726 2209 religionissshrlstlanae
738 2158 744 2194 :
758 2140 792 2195 ab
804 2140 918 2196 inlautia
929 2143 1003 2197 errim
1055 2135 1090 2193 lis
1112 2137 1277 2204 sanctitatis,
1297 2137 1379 2208 juxta
1392 2154 1538 2197 numerum
1554 2144 1760 2203 sanctissimum
1779 2164 1847 2219 apo·

209 2246 259 2287 sua
282 2230 454 2286 concubinas
468 2232 554 2302 patris
568 2233 612 2287 sol
628 2233 1002 2305 quaerebatdiligentissime,
1055 2230 1201 2296 stolomna,
1217 2247 1280 2287 curn
1296 2232 1396 2289 abbate
1415 2234 1626 2304 decimotertio,
1642 2239 1786 2297 duodecim
1797 2243 1848 2299 ad·

210 2334 236 2380 et
250 2339 317 2380 eum
344 2324 398 2382 illis
412 2326 620 2398 diligentissime
635 2327 828 2394 concubebat;
855 2328 901 2383 rin
929 2330 1003 2384 cuim
1055 2332 1200 2392 uenerant,
1214 2326 1303 2395 parati
1316 2327 1351 2382 de
1360 2342 1392 2382 ea
1403 2343 1466 2398 quae
1475 2328 1504 2385 ιη
1521 2330 1590 2400 ipsis
1602 2346 1663 2387 crat
1678 2332 1730 2389 llde
1740 2344 1769 2392 et
1784 2351 1846 2407 spe,

210 2415 233 2470 ei
251 2416 346 2487 aliqua
358 2418 466 2487 placere
479 2424 597 2487 poterat,
610 2417 664 2472 nisi
693 2417 777 2472 sciret
790 2426 896 2489 patrem
921 2434 1003 2475 suram
1054 2416 1131 2471 omni
1143 2416 1294 2487 disputanti
1319 2419 1437 2475 reddere
1450 2422 1586 2479 rationem
1605 2422 1632 2494 (l
1644 2424 1719 2483 Petu.
1735 2428 1777 2498 ru)
1793 2447 1801 2485 a
1818 2440 1847 2487 et

211 2511 286 2580 prius
303 2511 468 2566 accubuisse
486 2527 610 2566 crimea:
628 2511 698 2566 unde
709 2521 736 2566 et
750 2522 827 2581 pater
839 2513 935 2583 ipsius,
948 2523 1003 2568 tam
1056 2509 1083 2563 lri
1094 2520 1192 2567 omnes
1204 2527 1267 2567 cum
1281 2512 1408 2583 plurlbus
1423 2517 1577 2585 monacbis,
1600 2534 1669 2590 qaros
1684 2536 1778 2577 seeum
1793 2524 1845 2579 ad-

210 2612 322 2672 propter
338 2603 477 2669 baeresim,
489 2618 571 2673 quam
585 2604 894 2674 proptereuormitatem
909 2605 1002 2674 istam,
1054 2599 1208 2672 duxerant,
1234 2618 1344 2661 omnem
1373 2617 1510 2665 munies
1542 2611 1742 2680 bumilitatem,
1766 2616 1845 2686 iusta

211 2693 461 2749 exheredationem
490 2708 569 2749 suam
595 2693 621 2749 ei
652 2694 803 2764 saepissime
828 2693 1002 2765 predicebat.
1054 2696 1197 2766 exemplar
1208 2699 1282 2767 quod
1296 2700 1338 2754 eis
1355 2711 1497 2759 ostensum
1516 2714 1577 2759 erat
1589 2706 1617 2761 in
1637 2716 1731 2765 moute
1743 2708 1844 2781 (Esse.

211 2782 346 2841 Praeterea
363 2786 501 2855 ruptarios
515 2785 635 2841 mirabili
650 2801 762 2857 quoque
774 2787 946 2857 arrrpleratus
961 2795 1005 2845 est
1054 2787 1131 2857 aaut,
1147 2788 1175 2844 id
1189 2797 1232 2844 est
1245 2790 1319 2860 quod
1332 2793 1477 2848 authemnt
1486 2795 1521 2849 de
1535 2796 1665 2868 episcopa
1679 2798 1843 2869 bremense,

211 2878 309 2935 auecta
325 2878 418 2934 dictus
432 2892 535 2945 comes,
553 2894 603 2949 per
617 2894 687 2949 quos
707 2878 843 2950 spoliabat
860 2880 1002 2948 eeclesias,
1054 2878 1161 2950 pelices
1174 2883 1368 2952 procedebam,
1384 2888 1477 2941 statim
1495 2887 1530 2943 ah
1545 2888 1645 2944 abbate
1663 2889 1847 2951 cisterciense

211 2971 379 3026 ruarrasteria
392 2971 562 3039 destruebat,
574 2986 728 3042 omnesque
742 2972 793 3029 sibl
809 2973 916 3028 uleinoe
932 2988 1003 3044 quos
1053 2971 1136 3044 longe
1146 2974 1253 3047 lateque
1265 2977 1366 3047 singull
1376 2979 1511 3050 dispersi;
1522 2991 1550 3037 et
1562 2983 1694 3055 assignati
1708 2997 1773 3043 sant
1783 2988 1847 3044 urri-

211 3063 566 3134 poteratexhaeredltabatc
579 3065 615 3119 ita
629 3079 739 3136 semper
750 3081 780 3122 se
799 3066 896 3122 babuit
914 3082 1004 3121 mem·
1053 3064 1155 3135 cuique
1175 3068 1285 3123 termini
1302 3071 1420 3142 proprii,
1433 3086 1482 3142 per
1493 3088 1562 3142 quos
1578 3075 1758 3134 discurrendo
1776 3094 1846 3149 prae·

210 3156 287 3211 brom
303 3156 419 3224 diaboli,
433 3154 507 3213 dlius
526 3157 702 3228 proditionis,
727 3159 928 3229 primopeultus
952 3158 1004 3214 διε
1052 3156 1185 3214 dicationl
1197 3160 1364 3231 insisterent,
1376 3165 1610 3234 disputationibus
1619 3168 1791 3228 insudarem.

210 3259 289 3317 tane,
302 3248 435 3305 inimicus
449 3249 542 3306 crucis
555 3258 584 3306 et
600 3248 731 3306 Ecclesia
758 3262 930 3323 persecutor,
948 3253 1004 3308 hae-
1362 3275 1478 3334 cqpqq
1500 3278 1544 3334 qq,

209 3343 360 3401 sericorum
384 3341 519 3412 defensio,
538 3343 743 3400 catholicorum
771 3345 924 3417 depressio,
950 3349 1003 3401 mi·
1088 3360 1130 3418 p,
1152 3362 1283 3437 ,oum-0
1306 3366 1462 3437 ,amu-,m
1488 3380 1514 3424 θ,
1537 3373 1623 3426 ,Μ
1651 3332 1824 3429 omem-,¹

209 3440 294 3495 rrlster
313 3438 489 3509 perditionis,
503 3437 564 3493 lldei
576 3437 727 3508 abjumtor,
743 3439 840 3509 plenus
855 3440 1000 3508 scelerum,
1015 3433 1037 3493 C
1383 3441 1509 3511 episcopi.

210 3538 386 3599 peecatorum
412 3529 537 3585 omnium
563 3529 708 3601 apotheca.
735 3528 860 3586 Ludebat
880 3532 1001 3601 qarodam
1089 3528 1242 3603 Episcopus
1252 3531 1516 3591 Oromerrsisroluit
1533 3537 1567 3592 ad
1578 3552 1660 3594 suurn
1678 3540 1771 3597 redire
1782 3543 1845 3613 epi·

208 3622 249 3679 dic
266 3636 366 3680 eomes
381 3622 409 3677 in
424 3622 490 3679 ludo
503 3623 685 3680 schaccorum
700 3638 762 3679 com
776 3624 895 3694 qarodam
909 3625 1003 3695 capel·
1053 3629 1209 3690 scopatum,
1225 3632 1255 3679 ut
1268 3624 1401 3681 adomari
1415 3638 1475 3681 suae
1493 3626 1661 3696 disponeret,
1672 3632 1846 3700 etpradica·

208 3714 282 3784 lano,
312 3722 341 3771 et
363 3715 436 3770 inter
462 3715 612 3771 ludendum
635 3716 703 3772 dixit
727 3717 890 3787 capellano:
905 3736 915 3768 ι
929 3716 1003 3775 Deris
1053 3715 1247 3773 toribusrerbi
1264 3717 1311 3774 liei
1327 3719 1355 3773 in
1368 3714 1542 3776 llarboueusi
1563 3722 1766 3791 producimus
1782 3726 1845 3785 suls

207 3806 306 3881 lapsi,
321 3823 404 3879 quern
420 3822 469 3865 ros
485 3809 607 3873 creditis,
625 3826 681 3865 rum
709 3810 809 3880 poterit
835 3825 884 3866 ros
905 3810 1002 3880 jurare
1052 3810 1231 3879 proventibus
1245 3811 1399 3867 necessaria
1418 3813 1584 3882 provideret.
1598 3812 1668 3869 llum
1683 3830 1750 3887 ergo
1763 3833 1842 3875 rece·

207 3901 311 3958 lnludo
326 3903 391 3968 isto,
408 3912 455 3959 ret
468 3902 590 3959 addidit:
603 3902 771 3974 «Nunquam
784 3919 829 3960 me
838 3905 916 3975 juret
929 3904 1001 3961 bens
1052 3901 1130 3956 deret
1154 3902 1268 3959 tendens
1289 3903 1324 3959 ad
1338 3892 1512 3974 llispaniam,
1525 3905 1600 3961 uenit
1622 3907 1695 3976 apud
1711 3906 1845 3981 hparraias

194 3995 262 4055 ¹ille.
283 4012 294 4048 a
314 3994 377 4049 alio
392 4003 525 4065 tempore.
544 4013 607 4053 euru
628 3996 686 4067 ipsc
715 4012 809 4052 comes
835 4011 851 4052 a
874 3998 999 4068 partibus
1053 3990 1080 4044 in
1095 3991 1235 4047 territorio
1245 3988 1384 4048 Tolosano
1399 4000 1644 4049 :mcooueoeruut
1653 3993 1688 4050 ad
1701 4008 1765 4051 eam
1779 3994 1800 4051 F
1803 3995 1844 4052 ul·

206 4082 457 4142 Tolosanisiturus
477 4099 549 4143 essct
563 4097 660 4143 contra
679 4087 852 4145 aduersarios
865 4088 999 4159 quosdam
1052 4099 1085 4139 co
1098 4082 1265 4152 Tolosauus,
1288 4081 1467 4141 etuavarrus
1487 4083 1708 4142 Consoraneusis
1721 4086 1843 4158 episcopi

206 4178 319 4235 suosin
339 4189 432 4250 partes
453 4180 619 4250 provinciae,
645 4181 735 4236 media
765 4192 845 4237 uocte
869 4182 999 4253 surgens,
1052 4184 1080 4231 et
1105 4177 1221 4248 plurimi
1242 4177 1379 4245 abbates,
1405 4177 1498 4235 habits
1517 4177 1555 4235 ihi
1568 4178 1754 4248 disputatione
1780 4196 1842 4238 cum

205 4270 286 4327 seuit
300 4271 335 4329 ad
356 4270 469 4327 domum
489 4274 516 4328 ln
538 4287 592 4344 qua
621 4274 743 4329 lraeretici
765 4270 896 4329 Tolosani
922 4282 1002 4330 eraut
1052 4269 1264 4339 lllnldensibus;
1294 4271 1376 4342 plane
1400 4271 1519 4329 conuicti
1540 4280 1607 4337 sum
1636 4272 1798 4332 waldenses
1816 4284 1842 4331 et

205 4363 379 4434 cougregati,
399 4374 426 4420 et
445 4365 515 4420 dixit
532 4366 589 4421 eis:
606 4365 737 4422 «Domini
749 4382 782 4422 ac
794 4365 904 4435 iratres,
915 4367 1001 4424 bello-
1052 4362 1173 4430 conlasl,
1191 4372 1220 4419 et
1240 4363 1359 4434 populus
1380 4364 1476 4431 castri,
1498 4366 1634 4437 precipue
1660 4382 1795 4439 pauperes
1807 4384 1842 4424 ex

206 4468 270 4509 ιηηι
285 4455 355 4509 rarii
368 4467 433 4512 suut
448 4468 572 4523 eaerrtus,
589 4458 724 4530 quidquid
742 4460 777 4514 de
793 4474 838 4516 me
848 4460 998 4533 contingat,
1051 4467 1131 4528 parte
1153 4456 1275 4513 maxima
1290 4455 1359 4512 laria
1378 4458 1500 4512 nostris:
1515 4457 1562 4515 ille
1572 4459 1655 4514 etiam
1673 4460 1722 4530 qai
1737 4460 1843 4517 consti·

207 4546 354 4603 inmanes
376 4559 485 4606 uestras
512 4552 677 4607 commendo
707 4565 807 4623 corpus
826 4559 854 4607 ct
878 4553 999 4608 animam
1051 4557 1128 4604 tutus
1144 4557 1205 4604 crat
1230 4547 1314 4618 ludex
1337 4548 1366 4603 in
1388 4547 1587 4620 disputatione,
1609 4561 1639 4606 et
1664 4561 1723 4607 crat
1746 4550 1842 4610 lauans

207 4654 314 4711 ιιιιαιη.Ι
332 4658 342 4692 ι
362 4639 423 4708 Quo
436 4641 519 4711 lacto,
530 4644 648 4715 desuper
659 4644 809 4699 abundanti
830 4645 901 4702 duos
913 4646 1000 4701 bere·
1051 4641 1259 4706 Waldenslbas,
1273 4656 1447 4712 mapnusqoe
1460 4641 1489 4697 ln
1512 4651 1606 4699 eastra
1623 4642 1682 4709 illo,
1698 4644 1842 4701 renuntia-

208 4733 279 4789 ticos
292 4734 320 4790 in
333 4743 410 4792 reste
424 4739 565 4793 communi
578 4754 672 4794 seeum
692 4738 816 4804 adduxit,
831 4748 861 4795 ut
888 4739 911 4795 si
927 4737 998 4794 lorte
1013 4778 1037 4835 n
1050 4734 1091 4788 vil
1102 4733 1232 4804 pravitati
1249 4732 1396 4798 lumbicus
1411 4741 1440 4789 ul
1453 4734 1481 4788 lu
1495 4745 1578 4789 mult
1589 4731 1691 4789 ussutiui
1704 4731 1841 4791 0¹⁰¹utu·

207 4826 280 4880 mori
295 4841 359 4883 eum
375 4831 556 4903 contingeret,
572 4833 753 4888 intermunus
771 4831 894 4903 ipsorum
907 4844 999 4888 more·
1051 4829 1091 4884 sis
1106 4827 1207 4884 obtulit
1220 4842 1251 4883 se
1272 4837 1300 4884 et
1314 4842 1364 4884 sua
1381 4846 1389 4883 a
1404 4827 1477 4883 adie
1504 4829 1589 4885 etiam
1610 4827 1696 4887 illaet
1711 4829 1842 4904 deinceps

207 4928 295 4973 retrrr.
308 4918 503 4978 lnllrmahator
517 4925 637 4996 quodam
651 4934 775 4995 tempore
792 4940 885 4982 comes
911 4926 999 4982 male·
1051 4928 1203 4977 sectatores
1225 4919 1430 4991 superstitionis
1453 4919 1590 4977 haeretice
1610 4920 1727 4981 uiriliter
1751 4922 1844 4994 tropo-

206 5010 300 5068 dietus
313 5012 342 5068 ln
355 5023 429 5071 terra
448 5016 635 5088 arragonum,
659 5025 764 5073 etcum
788 5021 906 5075 multum
921 5019 999 5074 iuva·
1049 5012 1153 5084 guerit.
1179 5010 1250 5069 lluic
1273 5010 1455 5082 disputationi
1481 5009 1607 5073 interluit
1634 5012 1680 5069 ille
1701 5014 1845 5086 pessimas

205 5102 324 5162 leaeo-et
336 5106 493 5177 inllrrnitas,
506 5111 573 5168 iecit
591 5111 644 5166 sibl
675 5110 735 5168 heri
751 5111 890 5178 lecticam,
912 5121 941 5169 et
968 5113 997 5167 ιη
1048 5105 1167 5161 traditor
1187 5118 1283 5161 tomes
1294 5102 1377 5169 Fari,
1392 5103 1440 5161 illc
1459 5104 1842 5177 erudelisstmnspersemter

205 5196 303 5255 lectica
316 5200 362 5257 illa
377 5201 495 5259 iaciebat
512 5220 541 5261 se
561 5203 691 5261 Tolosam
706 5205 846 5277 deportari
861 5225 868 5263 :
885 5214 913 5262 et
933 5210 997 5263 cum
1048 5197 1191 5265 ΕθθΙθιίὓι
1205 5196 1311 5253 ὓὴῐὶῦῑῑ
1332 5196 1433 5256 Mle
1448 5194 1500 5257 1¹30
1519 5212 1634 5255 umut-
1649 5197 1841 5255 &bellumu-

204 5290 327 5362 quasdam
341 5295 386 5351 die
401 5307 571 5369 quaereretur
581 5298 616 5354 ab
630 5312 675 5363 eo,
706 5314 756 5355 eur
783 5314 847 5355 euru
867 5308 942 5355 tants
957 5299 998 5355 lc·
1047 5295 1178 5351 ullestam
1202 5293 1358 5350 haereticam
1371 5292 1406 5349 de
1425 5302 1503 5350 secta
1525 5291 1716 5352 waldensium
1730 5295 1841 5350 etdaas

203 5384 356 5443 stipatione
369 5404 399 5445 ae
413 5388 516 5447 laceret
535 5391 686 5463 deportari,
713 5406 777 5447 cum
803 5399 860 5447 tam
890 5391 997 5464 grauis-
1047 5402 1169 5454 sorores,
1181 5401 1303 5459 quatum
1316 5396 1373 5441 ¹¹⁰¹
1387 5393 1478 5442 mm
1488 5386 1689 5450 thduussluub
1705 5385 1759 5443 ulit
1772 5400 1841 5443 *⁹01⁰

203 5476 995 5556 simalollrrnitatelahoraret‚respouditmiser:«Quia
1046 5483 1166 5537 allorum
1198 5480 1367 5551 perudoram
1398 5482 1518 5537 hereses
1546 5478 1736 5549 prutltcbatur.
1762 5476 1839 5535 cole·

202 5586 258 5626 nnn
271 5586 338 5630 sunt
351 5574 415 5631 boui
428 5577 556 5634 homines
573 5581 600 5633 iu
614 5588 687 5635 terra
712 5580 764 5635 ista
788 5580 860 5634 inter
874 5594 994 5651 quorum
1046 5574 1123 5630 brata
1135 5583 1228 5629 autern
1242 5572 1573 5646 disputatiuncularum&
1592 5571 1623 5627 lu
1631 5570 1736 5641 hithuu
1749 5570 1840 5641 lthluu

201 5682 304 5722 manus
318 5669 423 5738 possim
439 5672 520 5726 mori.
537 5688 546 5724 r
567 5669 693 5728 llaeretiel
708 5672 781 5727 enlm
808 5671 994 5728 aleatoribus
1045 5668 1165 5735 comitis,
1187 5669 1260 5725 idem
1273 5668 1542 5726 comesWaldenaes
1561 5667 1607 5723 dte
1622 5681 1691 5731 uno,
1704 5665 1840 5738 predica«

201 5759 339 5816 suisboni
353 5762 672 5833 horarinesuocabantur,
691 5765 739 5822 setl
764 5774 792 5823 et
814 5766 993 5837 amplioribus
1045 5771 1118 5818 tores
1142 5771 1254 5818 nostros
1268 5763 1302 5817 de
1314 5763 1402 5818 altero
1421 5761 1594 5832 procurarit.
1608 5757 1632 5816 0
1648 5758 1839 5817 Ιιοίιιιιηιιιιι

201 5850 291 5923 signis
314 5860 342 5908 et
360 5854 442 5911 dictis
465 5872 496 5912 se
525 5855 663 5912 latebatur
687 5857 845 5914 haereticum
861 5877 868 5913 ε
886 5856 994 5912 dicebat
1045 5857 1100 5910 tas!
1119 5854 1183 5911 Post
1197 5855 1257 5911 trae
1278 5857 1425 5926 episcopus
1440 5852 1606 5911 Osomeosls
1620 5853 1654 5909 ad
1676 5862 1839 5919 suumper«

199 5946 323 6003 eainrer
343 5948 409 6005 Scio
433 5950 722 6006 meenbaeredandum
754 5950 814 6007 lore
831 5964 882 6020 pro
911 5949 993 6008 horris
1044 5947 1575 6020 rexitepiscopatumllrmuaahahens
1592 5938 1838 6016 proposituaurcd⁴

200 6042 365 6100 hominihus
382 6042 453 6109 istis,
466 6046 514 6102 sed
528 6060 582 6100 rron
602 6053 709 6101 tantona
731 6044 990 6114 exhaeredationem,
1043 6042 1137 6110 ctrndi,
1155 6056 1240 6114 quam
1261 6042 1346 6099 citios
1363 6049 1468 6114 poseat,
1482 6040 1518 6101 ad
1545 6038 1731 6115 peragendum
1748 6048 1838 6111 nep·

363 6164 499 6226 Parnon.
523 6159 659 6225 ccxtu.
1652 6153 1698 6215 lb
