4350 6709
218 518 267 573 tm
651 492 655 501 '
825 524 986 585 msroma
1006 526 1256 589 stncunstmt
1790 534 1849 597 tra

218 646 282 693 rant
297 637 503 706 predicationis
522 640 550 697 in
566 650 638 698 terra
658 652 808 714 praenotata
831 647 968 719 principes
981 653 1046 707 etA
1366 645 1482 705 CAPUT
1501 645 1536 705 X.

217 730 361 801 ntagistri;
378 733 626 792 animadvertentes
646 737 719 808 qnod
741 738 835 792 eadem
852 739 1009 809 predicatio
1110 736 1229 793 lfittitttr
1241 755 1301 793 tum
1316 736 1354 794 lf.
1370 738 1470 795 lfffornt
1489 740 1617 812 manttcr
1632 733 1798 801 Tft'cttiitfnt.

217 820 300 876 etiam
314 821 371 891 jam
385 825 562 893 peregerites
574 834 651 895 parte
661 830 779 884 maxima
791 845 902 887 cursum
916 847 1008 899 suurn,
1095 831 1167 901 (tc)
1181 829 1282 886 llissns
1291 838 1334 887 est
1346 840 1436 887 autem
1447 847 1510 888 curn
1522 831 1639 889 dictoll.
1649 831 1760 903 llilotte,
1769 828 1851 891 clcrl·

217 916 395 971 ttectuuuun
408 918 564 988 profecerit,
580 919 757 992 increpemus
770 923 859 980 trttctu
876 921 1008 981 frustrata
1060 934 1110 974 cus
1122 921 1233 990 cuidam
1249 921 1380 990 magister
1392 918 1558 977 ficariisius
1570 922 1681 979 nomine
1698 923 1850 982 canonicas

216 1004 254 1063 sit
271 1018 413 1079 exoptato,
435 1011 469 1065 ad
494 1011 575 1081 pedes
599 1013 700 1068 sotumi
726 1015 863 1083 pontilicis
882 1015 1009 1087 iudicant
1059 1007 1218 1078 Jtllesssllt
1235 1012 1283 1082 qui
1298 1012 1444 1084 laeledlclss
1468 1011 1503 1068 ll·
1526 1011 1621 1069 ΜῙΙΟῙΙῙ
1644 1014 1798 1084 ἓὸῐῑὸῑθῐθῑ,
1821 1025 1850 1071 ⁰¹

216 1101 469 1157 uartsmittendum.
481 1101 634 1175 Accingunt
648 1120 714 1175 ergo
725 1107 816 1162 seriri
828 1108 1007 1175 venerabiles,
1060 1102 1152 1172 ipsum
1175 1104 1203 1159 ia
1224 1104 1393 1174 expediendo
1409 1103 1471 1160 fidei
1493 1105 1605 1177 negotio
1618 1105 1770 1176 adiuuaret·
1795 1104 1850 1163 lste

217 1190 303 1249 l'ulco
326 1192 492 1262 Tolosanns,
513 1205 541 1252 et
556 1195 696 1255 Nararrus
715 1198 934 1258 Consoranensis
951 1204 1010 1274 epi·
1060 1194 1224 1253 Theoditttts
1237 1198 1280 1253 tlt
1301 1198 1393 1253 multe
1417 1197 1549 1264 teiettilae·
1565 1199 1783 1255 llt0011⁵1²¹¹ilae
1798 1204 1850 1255 mi·

217 1286 305 1357 scopi,
320 1286 492 1360 Romamque
517 1303 676 1363 properant,
701 1293 881 1363 supplicaturi
896 1296 1009 1352 domino
1060 1287 1165 1355 labilis,
1179 1289 1222 1343 vll·
1232 1289 1339 1344 exlmlae
1350 1289 1492 1356 bonilatis,
1506 1290 1553 1360 qul
1571 1289 1640 1346 liene
1657 1305 1686 1346 se
1702 1290 1798 1347 babilli
1821 1291 1849 1347 in

217 1393 295 1449 napa
307 1385 337 1435 ut
350 1379 515 1450 periclitanti
530 1383 558 1437 io
572 1381 744 1440 Narbonensi
756 1386 909 1456 provincia,
922 1395 950 1443 et
963 1384 1008 1441 Bi·
1060 1390 1170 1452 negotio
1183 1379 1248 1436 fesn
1260 1381 1373 1449 Christi,
1388 1383 1435 1453 qui
1450 1395 1553 1453 quanta
1570 1383 1726 1454 peneadem
1740 1370 1850 1455 negotio

217 1470 361 1540 turicensi,
378 1482 406 1527 et
430 1472 623 1546 burdegalensi
647 1491 698 1548 pro
722 1493 790 1548 pace
816 1475 965 1540 Ecclesia,
982 1486 1011 1535 et
1060 1478 1181 1547 pericula
1199 1496 1297 1551 passus
1313 1481 1349 1536 sit
1370 1489 1397 1536 et
1417 1479 1534 1545 labores,
1554 1480 1593 1536 rei
1605 1480 1697 1534 exitus
1710 1475 1848 1549 patefecit,

217 1563 298 1632 quasi
312 1564 423 1634 penitus
437 1566 612 1639 naufraganti
627 1584 738 1625 nranunt
752 1569 875 1640 porrigat
895 1569 1009 1642 adjutri-
1059 1577 1087 1623 et
1102 1585 1152 1626 nos
1167 1571 1342 1642 postmodum
1357 1573 1516 1629 curavimus
1536 1570 1618 1628 latius
1633 1571 1771 1627 intimare.
1794 1564 1849 1623 llo·

217 1669 289 1711 cem.
306 1653 440 1711 Dominus
455 1668 546 1713 autem
561 1675 631 1730 papa
648 1657 833 1727 innocentius,
849 1661 896 1732 qui
914 1660 1010 1717 defco-
1061 1661 1156 1718 ricinos
1168 1678 1233 1719 rere
1248 1680 1316 1735 papa
1329 1663 1365 1719 lt.
1378 1662 1473 1720 lliloni
1494 1664 1608 1720 dederat
1622 1664 1651 1719 in
1669 1662 1807 1721 mandatis
1820 1673 1851 1717 ut

217 1747 315 1804 dende
330 1750 392 1806 fidei
409 1753 554 1809 catbolicre
574 1754 787 1811 neccessitatibus
812 1756 877 1811 totis
897 1755 1009 1822 nisibus
1060 1751 1095 1808 de
1109 1755 1238 1813 cornibus
1252 1773 1313 1828 qua
1328 1757 1361 1813 ad
1384 1757 1524 1829 negotium
1547 1757 1611 1813 fidei
1626 1754 1808 1828 pertinebant,
1823 1762 1851 1810 ct

218 1841 411 1908 occumbebat,
427 1852 504 1899 tanto
525 1845 626 1901 ntorbo
647 1862 758 1901 rnanmn
775 1847 903 1917 apposuit
924 1847 1009 1906 medi·
1060 1851 1195 1921 praecipue
1217 1866 1300 1922 snper
1324 1851 1397 1907 laeto
1412 1851 1524 1908 comitis
1544 1849 1687 1918 tolosani,
1701 1847 1735 1903 ad
1755 1847 1850 1905 consi.-

217 1948 292 1999 cam,
304 1935 444 2005 generales
454 1948 481 1992 et
492 1937 614 1993 efficaces
627 1954 709 2010 snper
720 1940 890 2012 bocnegotio
903 1941 1009 1997 litteras
1061 1945 1126 2000 liunt
1138 1944 1263 2001 Cistercii
1277 1945 1384 2001 abbatis
1396 1944 1547 2009 ordinaret,
1559 1958 1596 2000 eo
1607 1942 1682 2014 quod
1696 1942 1781 1999 abbas
1792 1949 1847 1997 sta·

218 2025 247 2080 in
263 2024 408 2082 Frartciam
425 2030 646 2099 transmittendo,
669 2033 741 2088 sicut
759 2031 875 2091 inferius
900 2032 1009 2104 plenius
1025 2001 1046 2057 B
1060 2045 1119 2093 tunt
1133 2037 1233 2111 negotii
1245 2046 1272 2093 ct
1287 2038 1423 2095 versutias
1435 2037 1544 2093 consitis
1561 2037 1641 2108 plene
1664 2032 1757 2093 sciret.
1773 2032 1851 2091 llndc

217 2119 416 2191 exprimemus.
431 2121 511 2189 Quod
526 2125 641 2198 audiens
664 2140 757 2183 comes
776 2124 941 2192 Tolosanus,
955 2126 1011 2182 imo
1060 2142 1089 2189 et
1113 2133 1243 2190 dominus
1269 2149 1340 2205 papa
1365 2131 1403 2188 lt,
1432 2130 1527 2187 tritoni
1556 2147 1686 2203 expresse
1710 2130 1849 2187 querat:

217 2212 347 2269 dicamus
375 2215 474 2272 melius
506 2215 679 2285 llclosanus,
706 2219 860 2289 perrexisse
885 2219 1012 2275 uidelicet
1064 2246 1074 2280 r
1091 2226 1323 2283 manutenerent
1340 2234 1427 2283 totum
1443 2225 1536 2293 taeter,
1550 2234 1578 2282 et
1593 2235 1622 2283 tu
1641 2238 1776 2297 organum
1789 2222 1851 2294 ejus

219 2314 386 2375 prrenotatos
399 2307 543 2378 episcopos
554 2309 589 2365 ad
609 2310 715 2366 curiam
731 2310 896 2380 Romanam,
910 2313 1011 2369 nitreas
1059 2320 1134 2388 eri„
1148 2335 1240 2376 comes
1254 2320 1328 2377 enim
1343 2319 1497 2377 Tolosates
1511 2320 1665 2375 tannecum
1679 2332 1849 2389 suspectum,

219 2413 250 2454 se
265 2397 347 2471 digne
367 2415 417 2471 pro
437 2402 543 2458 meritis
564 2402 745 2473 puniendum,
766 2405 917 2477 vidensque
939 2404 1011 2462 facta
1060 2421 1089 2469 tu
1107 2428 1161 2468 non
1177 2411 1268 2469 erisei
1285 2421 1441 2482 suspectus.
1460 2430 1470 2465 t
1488 2410 1690 2468 bescettdentcs
1709 2408 1793 2481 igitur
1812 2404 1849 2465 ll.

219 2507 269 2549 tua
283 2508 339 2547 non
351 2508 432 2563 posse
445 2493 558 2563 impune
571 2496 699 2565 transire,
711 2497 910 2568 poerritudinem
924 2498 1011 2555 simu·
1060 2503 1126 2560 llilo
1143 2513 1171 2561 et
1186 2502 1222 2558 ll.
1239 2503 1403 2561 l'lteodisios
1426 2504 1465 2576 (b)
1490 2503 1518 2560 in
1542 2502 1698 2569 Frattciam,
1722 2498 1850 2558 abbatem

219 2583 292 2651 lans,
305 2586 365 2640 etsi
378 2586 466 2656 possit
481 2587 533 2643 sibi
550 2603 707 2658 precavens
731 2589 760 2644 in
783 2589 907 2647 futurum
924 2606 1010 2646 :cum
1060 2594 1185 2651 cistercii
1200 2595 1272 2667 apud
1284 2596 1504 2653 autissiodorum
1518 2594 1693 2651 itrrenerunt.
1705 2591 1852 2651 Consuluit

218 2677 323 2733 multos
335 2678 405 2734 alins
418 2678 475 2748 jam
493 2679 625 2749 misisset,
641 2681 776 2752 quosdam
791 2683 974 2740 exsecrabiles
983 2693 1012 2740 et
1060 2688 1145 2760 igitur
1159 2688 1196 2745 ll.
1210 2688 1276 2744 blilo
1291 2689 1417 2745 abbatem
1430 2688 1654 2755 Cisterciensem,
1665 2700 1749 2757 super
1766 2684 1852 2756 pluri·

218 2769 368 2843 malignos,
384 2771 623 2845 arcbiepiscopmn
641 2774 808 2830 Antinoum
830 2785 858 2833 et
879 2775 1012 2833 boimun-
1061 2780 1115 2838 bus
1129 2781 1212 2837 certis
1227 2781 1355 2853 capitulis
1369 2796 1431 2852 qoae
1445 2780 1479 2835 ad
1493 2779 1632 2851 negotium
1654 2776 1716 2834 fidei
1730 2777 1851 2849 pertiae·

218 2865 287 2921 dum
299 2865 333 2919 de
347 2863 546 2935 flebastcncbs,
563 2869 609 2938 qui
632 2869 770 2940 quondam
794 2867 885 2926 fuerat
899 2869 1012 2928 Tolosa·
1061 2872 1139 2928 bant.
1155 2873 1248 2930 Abbas
1261 2888 1326 2929 vero
1338 2873 1372 2928 de
1384 2871 1513 2927 omnibus
1526 2869 1686 2943 diligentius
1696 2869 1851 2937 instruens,

218 2970 273 3013 uos
288 2955 445 3027 episeopus,
472 2957 519 3011 sed
551 2957 656 3015 meritis
679 2959 738 3017 suis
759 2961 931 3033 exigentibus
952 2971 1013 3019 erat
1061 2965 1207 3021 consilium
1220 2981 1301 3021 suurn
1321 2964 1433 3021 tradidit
1446 2964 1472 3020 ei
1495 2963 1629 3034 scriptum
1646 2970 1675 3018 et
1691 2961 1851 3035 sigillatum.

218 3046 373 3116 depositus,
387 3048 461 3103 tnisit
472 3048 607 3116 Romam
623 3065 845 3125 conquestusque
866 3064 909 3112 est
920 3057 1011 3113 domi·
1061 3054 1170 3112 Horruit
1182 3058 1265 3112 edam
1290 3072 1354 3112 eom
1375 3064 1402 3111 et
1422 3054 1564 3111 consuluit
1581 3061 1622 3122 ut,
1638 3063 1785 3124 numquam
1802 3068 1852 3125 ag·

219 3155 256 3193 no
270 3154 347 3210 pape
360 3156 410 3210 per
432 3144 545 3199 trutttios
566 3143 638 3212 illos,
653 3144 687 3200 de
701 3146 801 3202 abbate
823 3147 1010 3219 cisterciensi,
1062 3149 1221 3223 grelcretur
1234 3150 1363 3207 comitem
1379 3148 1559 3217 Tolosanum,
1574 3157 1738 3205 convocaret
1759 3145 1851 3202 arcbi·

219 3231 268 3301 qui
283 3232 417 3302 legatione
435 3249 518 3305 super
532 3237 642 3306 negotio
656 3236 716 3293 fidei
737 3237 919 3310 fungebatur;
934 3241 1011 3299 asse·
1062 3245 1218 3316 episcopos,
1237 3243 1383 3316 episcopos
1398 3251 1425 3298 et
1438 3242 1507 3299 alios
1527 3241 1664 3312 prelatos,
1680 3254 1750 3310 quos
1771 3252 1853 3309 cxpe-

217 3340 286 3381 rens
302 3326 375 3398 quod
397 3343 461 3383 eom
483 3329 658 3385 exacerbaret
681 3330 764 3388 nimis
785 3347 882 3404 aspere
900 3345 928 3391 et
949 3336 1045 3415 plusc
1061 3336 1121 3393 dire
1131 3336 1247 3403 rideret,
1262 3344 1290 3390 et
1303 3350 1400 3392 corum
1413 3342 1549 3405 quereret
1560 3340 1587 3387 et
1600 3331 1714 3386 haberet
1725 3328 1851 3385 consilia.

217 3421 313 3495 justo;
338 3421 502 3492 promittens
523 3423 606 3479 etiarn
624 3438 718 3481 comes
733 3429 808 3497 quod
833 3429 857 3484 si
882 3429 1011 3488 dominus
1063 3428 1205 3497 Quosdam
1219 3427 1300 3483 etiam
1313 3426 1346 3482 dc
1360 3425 1491 3497 praelatis,
1509 3421 1546 3478 ti.
1562 3421 1656 3477 lliloni
1676 3433 1806 3490 expresse
1825 3427 1854 3473 et

220 3527 291 3583 papa
308 3512 429 3582 aliquem
455 3528 471 3568 a
493 3512 579 3569 latere
602 3530 653 3570 soe
670 3515 704 3571 ad
720 3516 798 3573 illum
817 3518 955 3592 dirigeret,
977 3523 1012 3579 ad
1063 3517 1217 3591 specialiter
1242 3515 1418 3583 nontioarit,
1444 3529 1562 3584 quorum
1590 3510 1713 3568 consiliis
1740 3508 1854 3567 deberet

222 3606 391 3662 noluntatent
403 3606 491 3677 ipsius
502 3622 551 3677 per
565 3609 660 3664 omnia
674 3624 704 3665 se
715 3610 839 3668 baberet.
851 3611 909 3670 lloc
919 3625 1010 3670 autem
1063 3610 1136 3666 idem
1150 3608 1280 3680 magister
1292 3607 1441 3663 adltaerere.
1454 3604 1519 3661 Post
1528 3603 1678 3661 ltaecabbas
1689 3602 1853 3659 cistercien·

222 3715 280 3756 noo
290 3699 370 3767 dixit,
381 3701 446 3771 quia
458 3700 548 3767 vellet,
560 3717 590 3757 se
601 3701 774 3774 aliquatenus
785 3705 941 3761 emendare.
957 3704 1012 3763 Sed
1063 3703 1103 3760 sis
1118 3699 1511 3772 etll.bliloperreseruntad
1533 3714 1623 3771 regem
1648 3695 1771 3753 Francia}
1785 3695 1852 3750 Plri-

222 3794 639 3866 nemorumnemorum
660 3812 730 3868 papa
752 3798 874 3869 aliquem
896 3800 931 3859 de
953 3801 1012 3858 suis
1064 3794 1180 3865 lippum,
1193 3794 1239 3864 qui
1256 3791 1329 3864 apud
1343 3789 1542 3847 Norautrillanr
1562 3789 1591 3846 in
1606 3786 1745 3844 territorio
1767 3784 1855 3842 Senn-

221 3886 407 3945 cardinalibus
422 3887 456 3941 ad
471 3901 535 3942 eum
549 3889 678 3957 mitteret,
700 3890 790 3961 ipsum
813 3901 917 3961 posset,
940 3898 1013 3951 sient
1064 3887 1126 3942 nico
1140 3902 1204 3941 eum
1216 3884 1339 3955 pluribus
1350 3884 1384 3939 de
1397 3883 1550 3939 baronibus
1560 3881 1619 3937 suis
1632 3880 1755 3936 solemne
1766 3877 1854 3939 eollo-

222 3979 308 4035 bomo
320 3979 472 4050 versipellis
483 3989 511 4035 et
522 3981 638 4038 callidus
652 3982 872 4042 circumveniret
886 3986 934 4041 sed
947 3988 1013 4043 (lm-
1064 3981 1160 4050 ignium
1174 3979 1339 4035 celebrabat.
1355 3975 1420 4031 Erat
1438 3976 1511 4032 enirn
1533 3974 1588 4030 dux
1604 3971 1769 4044 burgundie
1781 3969 1853 4034 oco,

222 4066 351 4142 tripotens
362 4070 409 4142 qui
425 4080 563 4127 scrutator
576 4082 618 4128 est
631 4073 757 4135 cordium
775 4085 806 4133 et
827 4078 951 4146 cognitor
969 4094 1014 4134 se-
1064 4070 1244 4129 Nircrnensis
1256 4079 1283 4126 et
1295 4067 1324 4124 S.
1339 4066 1417 4124 Pauli
1427 4068 1553 4133 comites,
1563 4073 1590 4120 et
1601 4063 1738 4121 multialii
1748 4062 1855 4119 nobiles

221 4174 362 4219 cretarum
389 4162 465 4235 (Sep.
493 4165 526 4237 r),
553 4165 641 4223 noluit
653 4167 799 4241 puritatem
819 4170 1016 4235 circumveniri
1064 4162 1495 4237 etpotentes.bon1inusautem
1512 4174 1581 4231 papa
1602 4158 1727 4220 mittebat
1741 4157 1798 4229 regi
1810 4155 1855 4211 lit·

224 4256 413 4327 apostolicam,
426 4257 515 4313 noluit
535 4257 589 4330 tegi
604 4259 723 4333 amplius
740 4261 808 4318 dicti
828 4265 937 4320 comitis
951 4281 1015 4336 pre.
1065 4269 1139 4317 teras
1154 4257 1293 4328 speciales
1311 4270 1429 4312 mortens
1440 4264 1467 4310 et
1488 4256 1639 4329 deprecans
1657 4259 1686 4306 ut
1707 4264 1756 4322 per
1781 4249 1855 4319 ccipe

223 4348 346 4405 ritatem.
362 4348 486 4406 Providit
503 4350 586 4422 igitur
599 4351 674 4422 iuste
686 4361 714 4407 et
734 4353 949 4411 misericorditer
968 4356 1015 4427 ju·
1065 4367 1138 4418 sitm,
1154 4350 1249 4408 saltem
1265 4365 1314 4421 per
1335 4348 1429 4409 filiunt
1446 4362 1528 4403 suurn
1549 4343 1731 4411 badericum,
1744 4341 1857 4415 pericli·-

223 4441 392 4513 clusinum,
409 4451 439 4498 ttt
458 4453 485 4500 et
498 4443 628 4515 dominus
648 4460 717 4516 papa
739 4447 834 4503 comiti
849 4451 928 4519 qnasi
941 4450 1015 4519 justo
1065 4441 1133 4495 tanti
1158 4441 1186 4494 in
1210 4438 1384 4495 Narbonensi
1400 4437 1543 4509 prouincia
1569 4434 1698 4492 Ecclesiae
1721 4434 1854 4491 auxilium

223 4510 327 4604 petemi
339 4531 521 4599 satisfaceret,
534 4543 562 4590 et
576 4534 663 4605 ipsius
672 4536 782 4593 comitis
794 4537 898 4594 ntalitia
910 4539 1015 4599 diutius
1066 4534 1235 4605 impenderet
1250 4542 1444 4605 abbatialem·
1460 4530 1517 4587 llll
1533 4541 1623 4585 autent
1639 4529 1736 4584 ¹¹lttfl⁰
1750 4527 1854 4584 d⁰¹¹¹l¹¹l

224 4642 282 4681 non
296 4625 402 4682 lateret.
417 4625 575 4684 llisitenim
585 4629 715 4686 dominus
728 4645 798 4702 papa
810 4647 895 4688 unum
910 4633 944 4689 de
957 4633 1014 4691 col·
1066 4642 1143 4698 papre
1159 4626 1212 4682 tale
1225 4625 1300 4682 dedit
1315 4640 1490 4696 responsum,
1506 4622 1581 4694 qnod
1597 4624 1666 4677 duos
1691 4634 1807 4692 magnos
1827 4628 1856 4675 et

223 4716 384 4776 lateralibus
396 4719 454 4776 suis
469 4719 588 4787 clericis,
602 4720 636 4777 ad
653 4731 746 4793 partes
757 4724 917 4794 provincie,
932 4722 1011 4781 llilo·
1028 4714 1163 4792 Dgrares
1186 4719 1304 4775 babebat
1327 4734 1343 4775 a
1366 4717 1497 4774 lateribus
1520 4716 1624 4781 leones,
1647 4711 1782 4768 Othonem
1807 4711 1854 4783 qui

223 4827 289 4868 nem
305 4813 428 4880 nomine,
448 4813 538 4878 uirum
551 4815 646 4886 utique
659 4814 712 4870 rita
728 4815 884 4883 honestum,
900 4818 1014 4874 scientia
1066 4812 1208 4868 dicebatur
1233 4812 1392 4882 imperator,
1415 4820 1442 4866 et
1469 4824 1560 4878 regern
1586 4805 1690 4878 Angliae
1709 4803 1854 4868 loatmem,

223 4908 400 4979 praeclarum,
414 4906 542 4967 facundia
564 4908 709 4975 disertum,
725 4910 773 4980 qui
797 4918 839 4977 ut,
851 4910 1015 4983 probitatem
1066 4908 1114 4976 qui
1130 4904 1194 4960 binc
1207 4911 1234 4959 et
1246 4905 1309 4961 inde
1320 4903 1352 4959 ad
1369 4901 1551 4958 turbationem
1567 4900 1642 4973 regni
1655 4897 1778 4955 Francire
1791 4896 1856 4952 totis

223 5003 287 5072 cius
300 5003 420 5059 breuiter
431 5003 660 5073 perstringamus,
672 5018 722 5059 nec
734 5012 840 5060 terrore
852 5006 948 5061 terreri
964 5020 1015 5076 po·
1066 4998 1172 5053 uiribus
1186 4996 1358 5056 laborabant.
1372 4996 1491 5066 ideoque
1502 5009 1552 5052 nec
1566 4995 1624 5066 ipse
1639 5009 1655 5049 a
1672 4989 1788 5048 Francia
1802 4988 1857 5045 ullo

224 5096 289 5160 tuit,
303 5111 354 5153 uec
365 5075 478 5157 minime
489 5095 589 5166 frangi.
600 5093 700 5151 Comes
712 5104 803 5152 autem
814 5097 930 5154 audiens
942 5097 1016 5168 quod
1067 5092 1150 5148 modo
1165 5090 1241 5148 exire
1257 5091 1351 5159 uellet,
1366 5106 1416 5146 nce
1435 5090 1520 5145 filiurn
1545 5090 1663 5156 mittere,
1681 5086 1737 5142 imo
1751 5084 1819 5141 satis
1830 5081 1856 5139 ei

224 5189 333 5245 reniret
356 5189 486 5260 magister
506 5187 583 5256 llilo,
608 5187 708 5258 gaudio
731 5189 843 5260 gavisus
863 5199 906 5246 est
926 5190 1015 5259 ualde,
1067 5184 1210 5241 ridebatur
1224 5185 1259 5243 ad
1273 5199 1403 5257 presens,
1416 5183 1440 5239 si
1456 5184 1574 5240 barones
1586 5196 1652 5239 suos
1666 5180 1706 5235 ire
1717 5179 1858 5250 peritritte«

225 5284 293 5353 quia
307 5283 412 5354 putarit
422 5283 496 5354 qnod
512 5281 674 5353 sepedictus
689 5282 819 5354 magister
833 5283 868 5339 ad
886 5283 974 5354 ipsius
987 5299 1017 5340 se
1067 5287 1121 5345 ret,
1135 5278 1169 5336 ad
1184 5277 1398 5355 perturbandum
1409 5276 1437 5331 in
1449 5274 1619 5333 Narbonensi
1630 5269 1769 5365 provincia
1780 5267 1858 5339 pacis

226 5375 342 5432 baberet
367 5384 396 5431 ct
417 5376 580 5447 peremnia
602 5375 781 5441 uoluntatem,
804 5374 1017 5446 discurrensque
1067 5383 1095 5429 ct
1108 5372 1169 5429 fidei
1183 5371 1399 5449 perturltatores.
1413 5369 1544 5426 Summus
1566 5375 1658 5423 autern
1681 5360 1814 5434 pontifex,
1827 5369 1858 5415 ut

226 5483 322 5525 comcs
336 5484 387 5541 per
404 5477 505 5525 terram
526 5484 605 5525 suam
623 5470 708 5539 coepit
721 5467 833 5541 gloriari
855 5475 883 5522 et
900 5467 1015 5525 dicere:
1068 5465 1107 5525 ad
1118 5464 1323 5536 exstirpandam
1338 5470 1441 5533 pestem
1454 5460 1623 5523 ltaermicam,
1635 5454 1727 5510 fideles
1741 5450 1858 5525 populos

230 5583 240 5611 ι
261 5538 424 5621 Μοάοᾙειιο
436 5572 480 5621 est
492 5564 571 5632 milri,
585 5564 651 5635 quia
666 5563 784 5634 legatum
809 5561 897 5618 liabeo
917 5578 1017 5619 secun-
1068 5560 1185 5619 efficeret
1204 5559 1399 5630 promptiores,
1412 5555 1556 5630 generales
1570 5552 1685 5607 miserat
1701 5548 1807 5603 litteras
1824 5546 1859 5609 ad

226 5659 294 5715 dum
313 5675 362 5715 cor
381 5675 484 5725 meunt,
503 5661 558 5715 imo
576 5661 635 5729 ipse
652 5673 701 5714 erc
720 5657 863 5728 legatust
885 5654 938 5712 Sed
955 5672 1017 5711 ont·
1069 5668 1165 5709 omttes
1178 5652 1314 5723 prelatos,
1328 5652 1442 5707 comites
1459 5659 1485 5703 ct
1500 5648 1628 5708 barones,
1649 5646 1678 5698 ct
1697 5638 1858 5696 universum
1943 5640 1950 5657 '

227 5753 276 5810 nia
290 5770 406 5811 evenere
419 5754 558 5811 contraria
572 5764 635 5811 roto
649 5753 734 5819 illius,
750 5754 822 5808 sicut
837 5751 953 5808 inferius
970 5766 1018 5807 ex·
1069 5746 1200 5818 populum
1225 5747 1252 5801 in
1275 5759 1359 5813 regno
1379 5741 1504 5798 lirattciae
1525 5736 1719 5800 constitutum,
1742 5744 1859 5788 monent

226 5848 374 5920 primetur.
1069 5837 1214 5895 efficaciter
1224 5845 1251 5893 et
1263 5836 1413 5892 exhortans
1425 5840 1456 5889 ut
1475 5830 1637 5887 festinarent
1660 5824 1695 5882 ad
1716 5821 1858 5880 vindican-

267 5966 339 6037 (t-at
353 5968 489 6041 Corrupto
503 5965 574 6041 apud
588 5962 749 6024 ciaconium
762 5960 862 6035 legitur
875 5957 953 6032 flttpc
963 5973 1017 6016 non
1106 5955 1147 6037 (fi)
1160 5955 1200 6037 lta
1213 5952 1352 6023 exemplar
1362 5948 1400 6006 lf.
1413 5964 1471 6007 naa
1482 5943 1656 6011 ffteodetittt,
1667 5950 1699 6000 ut
1708 5934 1859 5999 ltabctcia·

230 6039 316 6107 utto-
1071 6042 1170 6087 ccntus
1185 6042 1213 6083 m
1228 6024 1322 6085 litttec.
1336 6018 1382 6079 tlt.
