4350 6709
210 574 267 639 tta
765 564 768 569 ’
818 576 982 636 stsrenra
1000 573 1248 634 stateresruu.
1786 577 1839 632 vae

430 671 579 751 'carus
611 694 766 750 aaran,
1017 691 1156 758 aeones
1181 704 1247 746 aero
1275 700 1378 755 noser,
1397 698 1491 760 orpora
1514 688 1840 749 veterasceremus

479 787 590 844 Obsidio
610 787 747 844 lfieerbe.
1053 785 1171 841 consilio
1197 793 1297 840 cuncta
1319 799 1413 853 agens,
1429 781 1500 838 dixit
1522 781 1597 852 qttod
1610 783 1644 837 de
1661 783 1800 838 deditione
1814 794 1842 839 ct

247 880 330 935 Anno
341 880 376 934 ab
386 878 577 937 lrrcarnatiene
589 881 697 936 Domini
720 879 800 945 filo,
814 880 885 936 cirea
901 878 1001 934 festum
1054 879 1211 949 receptione
1223 876 1306 932 castri
1327 875 1396 930 nllril
1411 862 1590 940 faceret,'nisi
1603 874 1676 944 qued
1695 875 1781 930 altbas
1792 874 1842 930 et·

211 970 377 1029 sternata
393 972 531 1042 Baptistae,
547 975 621 1028 cives
645 972 838 1028 Narbonenses
854 972 1002 1027 mandate·
1053 972 1212 1041 stercicpsis
1229 971 1313 1027 tetius
1337 968 1440 1039 negotii
1465 968 1569 1025 Christi
1587 969 1734 1040 magister,
1747 970 1844 1025 decer·

212 1072 281 1120 runt
295 1064 392 1120 comiti
409 1076 504 1120 nostre
518 1075 549 1120 ut
565 1065 704 1121 obsideret
718 1064 880 1131 blinevbam,
897 1073 925 1120 et
949 1064 1000 1133 ipsi
1052 1071 1131 1119 neret
1155 1062 1312 1119 faciendum
1330 1079 1336 1114 :
1352 1077 1408 1131 quo
1431 1060 1537 1125 audito,
1560 1059 1646 1116 abbas
1661 1061 1738 1118 valde
1755 1062 1843 1117 deluit

210 1173 361 1229 proposse
384 1174 435 1213 sue
449 1174 511 1213 eum
537 1158 709 1226 atljuvarent.
732 1154 790 1212 llee
809 1166 900 1212 antem
917 1155 1002 1210 facie·
1053 1162 1149 1223 utpote
1171 1153 1300 1209 inimices
1315 1152 1418 1208 Christi
1439 1153 1509 1207 rneri
1525 1152 1695 1219 desiderans
1708 1162 1736 1209 et
1750 1162 1842 1211 tamen

211 1251 291 1316 bant,
317 1252 382 1321 quia
398 1250 436 1305 illi
453 1252 487 1306 tle
508 1250 630 1304 illnerba
659 1264 707 1304 eos
721 1249 804 1304 nimis
823 1248 1001 1310 infestabant,
1054 1246 1087 1300 ad
1100 1255 1216 1301 mortem
1230 1246 1356 1316 judicare
1376 1261 1431 1301 non
1444 1246 1559 1312 audens,
1576 1261 1638 1302 cum
1656 1256 1730 1303 esset
1742 1263 1842 1304 mena-

211 1342 356 1411 magisque
370 1357 418 1398 ees
433 1342 466 1397 ad
479 1343 532 1397 boc
556 1322 685 1396 movebat
698 1356 777 1395 arnor
798 1341 924 1395 utilitatis
936 1354 1001 1410 pre·
1052 1337 1122 1393 clrus
1136 1347 1164 1394 et
1175 1339 1316 1395 sacerdes.
1329 1336 1460 1410 Cogitans
1478 1352 1544 1409 erge
1559 1339 1698 1408 quemodo
1710 1339 1841 1397 comite!

211 1434 376 1505 priaequant
393 1433 468 1488 zelus
482 1431 623 1502 religionis
645 1429 822 1487 Christianae.
835 1432 934 1487 Comes
952 1447 1002 1486 au·
1051 1431 1095 1487 vel
1108 1431 1211 1486 dictum
1228 1429 1414 1494 Guillelmum,
1430 1430 1476 1500 qui
1491 1430 1573 1485 etiam
1593 1446 1676 1501 super
1688 1432 1842 1488 redditione

212 1537 270 1585 tem
283 1528 422 1584 mandavit
433 1526 570 1582 aimerico
583 1526 696 1582 domine
707 1523 841 1581 liarbenae
852 1534 879 1580 et
895 1525 1002 1580 civibus
1025 1551 1027 1555 ·
1052 1525 1138 1580 castri
1153 1539 1183 1581 se
1203 1523 1312 1580 abbatis
1339 1523 1454 1579 arbitrie
1477 1523 1617 1590 efferebat,
1631 1534 1723 1595 posset
1737 1541 1752 1580 a
1766 1541 1842 1581 eoru⁴

214 1621 358 1689 omnibus,
370 1623 443 1691 quod
458 1620 481 1675 si
504 1620 606 1674 vellent
620 1634 682 1673 cum
693 1619 791 1689 juvare
806 1618 904 1672 meiius
918 1631 1001 1687 quam
1051 1617 1247 1688 promissione,
1263 1631 1346 1688 quam
1358 1617 1428 1671 iuter
1441 1631 1471 1673 se
1485 1614 1607 1671 fecerant
1618 1632 1747 1672 revocare
1761 1635 1768 1672 :
1781 1617 1843 1687 jus·

212 1722 295 1769 antea
323 1714 455 1779 fecerant,
472 1722 500 1766 et
516 1727 579 1768 crrm
603 1711 664 1781 ipse
680 1727 766 1780 usquc
788 1712 821 1766 atl
847 1711 1002 1781 captionem
1052 1710 1088 1765 sit
1100 1718 1129 1765 ut
1143 1719 1267 1780 uterque,
1282 1710 1516 1766 cemesvidelicet
1540 1718 1567 1763 et
1590 1707 1766 1777 Guillelmus,
1785 1725 1842 1765 mo·

213 1820 400 1876 perseverare,
430 1805 570 1860 obsideret
594 1802 746 1859 ilincrbam
764 1821 771 1858 :
786 1803 861 1874 qued
877 1819 940 1858 eum
963 1802 1003 1857 illi
1052 1801 1118 1857 dum
1134 1802 1297 1858 redditionis
1309 1802 1394 1858 castri
1407 1802 1435 1856 in
1448 1802 1583 1872 scriptum
1597 1801 1773 1872 redigerent:
1790 1801 1843 1857 boe

212 1899 417 1970 promisissent,
434 1899 526 1953 statim
542 1897 575 1951 ad
588 1896 768 1952 obsidendam
785 1894 937 1950 blinerbam
955 1908 1002 1950 ce·
1052 1904 1145 1950 autem
1161 1893 1290 1962 faciebat,
1309 1904 1340 1950 ut
1353 1896 1419 1950 dum
1446 1895 1579 1965 seriptum
1596 1893 1679 1949 unius
1691 1895 1769 1950 alteri
1786 1910 1842 1950 non

213 2004 351 2046 meseum
377 1989 435 2044 suis
449 1988 583 2043 militibus
608 1985 775 2057 properavit.
791 1984 851 2052 Quo
866 2000 927 2040 cum
944 1999 1003 2056 per·
1052 1989 1182 2059 placeret,
1197 1986 1469 2059 acempremlssione
1480 2002 1564 2057 quam
1576 1985 1698 2042 fecerant
1713 1988 1842 2044 resiliret.

211 2083 363 2148 venissent,
378 2096 472 2136 comes
489 2079 588 2137 flentis
606 2079 685 2136 fertis
699 2079 815 2135 tentoria
830 2078 865 2134 ab
878 2080 1001 2148 eriente3
1018 2052 1040 2108 B
1055 2079 1194 2151 Scriptum
1208 2079 1358 2147 Guillelmi,
1372 2081 1436 2136 dum
1452 2089 1525 2136 esset
1547 2095 1641 2137 ceram
1659 2082 1760 2138 comite
1772 2083 1844 2140 reci·

212 2175 327 2245 quidam
344 2174 424 2232 miles
438 2173 548 2229 cernitis
566 2173 613 2243 qui
629 2172 771 2228 dicebatur
782 2168 871 2226 Grtide
884 2171 917 2226 de
929 2170 1002 2226 Lue—
1054 2182 1154 2239 tatum,
1166 2188 1222 2228 nen
1250 2172 1387 2245 acquievit
1400 2187 1504 2239 cemes,
1518 2173 1566 2230 sed
1593 2174 1662 2229 dixit
1673 2175 1785 2230 demine
1796 2191 1843 2232 ca·

212 2267 268 2330 rio,
283 2281 347 2322 cum
365 2266 537 2322 vasconibus
552 2267 599 2335 qui
615 2265 739 2331 aderant,
754 2264 813 2318 tlrit
836 2262 953 2334 tentoria
969 2263 1004 2318 ab
1054 2268 1104 2324 stri
1118 2266 1275 2322 utiutraret
1289 2275 1409 2321 castrum
1420 2280 1514 2333 suum,
1530 2276 1558 2321 et
1571 2281 1601 2322 se
1612 2267 1772 2323 defenderet
1786 2269 1842 2325 sie·

214 2361 374 2424 occidentc;
385 2360 420 2414 ab
438 2359 568 2429 aquilone
582 2358 737 2412 Airrrerdcus
750 2357 784 2412 de
795 2355 923 2412 Narbona
939 2372 1003 2413 curu
1054 2370 1085 2415 ut
1095 2366 1187 2429 posset
1204 2376 1211 2414 :
1227 2358 1299 2428 qued
1312 2357 1358 2413 ille
1371 2358 1470 2426 noluit,
1485 2359 1533 2415 sed
1553 2357 1670 2429 subjecit
1683 2374 1713 2415 se
1724 2374 1844 2430 perem-

212 2456 323 2511 ciribus
338 2455 413 2520 suis;
428 2470 443 2508 a
461 2453 574 2507 meridie
598 2450 711 2521 quidam
739 2450 787 2505 alii
800 2449 937 2522 peregrini
953 2467 961 2505 ι
975 2451 1003 2505 lo
1054 2452 1100 2506 nia
1113 2451 1223 2506 comitis
1248 2450 1400 2519 relurrtati;
1431 2451 1612 2517 nibilominus
1634 2461 1725 2507 tameo
1749 2467 1844 2509 cernes

214 2556 273 2602 teto
289 2547 363 2601 enim
376 2545 498 2599 exercitu
514 2558 567 2599 nen
582 2551 643 2598 erat
658 2542 759 2613 aliquis
770 2527 934 2613 prepotens,
950 2542 1003 2597 nisi
1054 2544 1152 2611 soluit,
1178 2552 1209 2598 ut
1224 2553 1313 2599 tetum
1336 2545 1423 2612 lieret,
1449 2552 1530 2614 prout
1552 2543 1639 2600 abbas
1651 2544 1843 2603 cisterciensis

213 2653 308 2693 cemes
323 2646 350 2692 et
364 2636 519 2691 diotericus
545 2635 579 2691 dc
601 2633 740 2690 Narbona.
762 2633 891 2689 Castrum
912 2643 1003 2689 autem
1054 2639 1225 2708 disponeret·
1238 2637 1404 2695 faciendum.
1428 2636 1571 2694 Ordinaeit
1601 2639 1686 2710 igitur
1710 2641 1795 2698 abbas
1812 2651 1844 2698 ut

213 2727 281 2782 illud
301 2726 472 2782 incredibilis
492 2734 554 2784 erat
571 2724 753 2790 fortitudinis,
781 2724 1004 2794 profundissimis
1054 2731 1187 2787 deminus
1198 2731 1283 2786 castri
1298 2740 1325 2788 et
1342 2746 1440 2787 omnes
1457 2732 1505 2802 qui
1521 2732 1548 2786 in
1570 2742 1662 2788 cestro
1682 2742 1771 2800 crant,
1784 2748 1840 2791 cre·

187 2858 190 2864 -
214 2821 318 2892 quippe
333 2829 360 2874 et
379 2816 608 2874 nativisvallibus
622 2817 802 2888 cingebatur;
818 2816 910 2887 itaque
925 2817 947 2871 si
960 2831 1005 2871 ne·
1055 2821 1151 2877 dentes
1167 2823 1250 2877 etiam
1265 2822 1469 2890 baereticerum,
1482 2823 1504 2879 sl
1517 2824 1616 2879 rcllent
1630 2825 1802 2882 reconciliari
1816 2836 1845 2883 et

215 2914 335 2970 cessitas
358 2913 508 2983 ingrueret,
529 2926 583 2966 non
604 2919 710 2982 poterat
724 2909 860 2964 exercitus
870 2909 1004 2965 exercitui
1057 2925 1131 2972 stare
1147 2917 1277 2972 mandato
1290 2913 1430 2981 Ecclesiae,
1444 2917 1500 2972 viri
1515 2918 1670 2985 evaderent,
1684 2928 1776 2976 castre
1795 2935 1844 2976 eo-

216 3007 277 3061 sinc
299 3004 422 3060 maxiruo
447 3003 608 3060 discrimine
631 3001 789 3058 subvenire.
817 3001 882 3058 l‘est
905 3002 963 3059 lraec
987 3017 1004 3057 a
1054 3009 1115 3065 miti
1132 3017 1307 3076 remaneate;
1333 3008 1446 3078 perlecti
1468 3009 1551 3065 etiam
1576 3010 1709 3080 baeretici,
1724 3027 1844 3083 querum

215 3107 295 3169 parte
315 3096 472 3154 Vasconum
491 3105 581 3152 erecta
598 3103 640 3151 cst
652 3098 779 3173 quaedam
793 3096 932 3162 machina,
943 3112 1004 3166 quaa
1055 3103 1092 3157 ibi
1105 3111 1165 3158 erat
1190 3102 1309 3173 plurima
1322 3101 1479 3168 multitude,
1492 3102 1673 3159 nibilominus
1684 3104 1846 3173 evaderent,

216 3194 321 3249 dicitur
344 3191 545 3262 mangonellus,
559 3189 587 3244 in
599 3204 652 3259 qua
666 3190 753 3245 dicae
766 3197 845 3244 noete
860 3189 1004 3246 instantis·
1056 3196 1079 3252 si
1096 3197 1131 3251 ad
1151 3195 1232 3250 ftdcm
1245 3193 1418 3251 catholicam
1437 3196 1559 3251 converti
1575 3195 1684 3251 relletrt.
1699 3194 1779 3263 Quod
1792 3211 1845 3253 au-

215 3286 288 3343 sime
310 3283 483 3340 laborabant.
506 3282 656 3338 Ameridic
673 3281 801 3337 similiter
826 3290 853 3335 et
874 3282 1005 3352 aquilone
1054 3288 1134 3343 diens
1156 3286 1349 3342 virnebiliset
1361 3293 1435 3341 tetus
1451 3285 1478 3339 in
1497 3285 1552 3340 llde
1568 3284 1729 3342 Catlrellcus
1741 3285 1847 3344 [leber-

216 3392 314 3438 erectae
332 3380 445 3436 fuerunt
461 3380 522 3435 duae
535 3379 680 3444 machinae,
696 3394 750 3432 una
774 3377 848 3445 lriuc,
862 3376 916 3433 alia
930 3369 1041 3453 inde'c
1058 3391 1103 3438 tus
1113 3375 1332 3435 Malus-Vicinus
1347 3379 1395 3448 qui
1416 3376 1522 3445 aderat,
1534 3379 1601 3448 quia
1623 3380 1729 3435 seilicet
1743 3379 1845 3436 libera-

217 3477 239 3533 Δ
254 3486 331 3549 parte
344 3489 409 3531 rere
424 3473 543 3540 cernitis,
556 3472 637 3528 idest
652 3473 687 3527 ab
699 3473 816 3535 oriente,
832 3478 892 3526 erat
904 3486 1004 3544 magna
1055 3480 1154 3527 rentur
1177 3468 1311 3536 baeretici,
1330 3477 1442 3538 propter
1465 3481 1536 3538 ques
1549 3467 1704 3538 perdendos
1725 3469 1845 3526 advene-

216 3576 245 3623 et
257 3565 362 3637 optima
382 3564 512 3634 petraria,
528 3577 590 3633 quae
611 3575 777 3633 unaquaque
803 3561 848 3617 die
862 3562 1008 3621 constabat
1054 3573 1119 3620 rant
1133 3561 1282 3634 peregrini,
1298 3563 1400 3621 timeas
1421 3560 1495 3632 qued
1511 3575 1546 3616 ne
1562 3560 1633 3617 ferte
1647 3561 1748 3617 timere
1756 3560 1843 3630 ducti,

217 3663 245 3715 irr
269 3656 457 3714 conducendis
474 3655 646 3712 trahentibus
667 3655 703 3710 ad
731 3654 888 3710 macbina'm
907 3670 954 3711 ut
969 3655 1005 3709 li·
1056 3673 1119 3714 curn
1133 3656 1191 3727 jam
1206 3656 1278 3726 capti
1291 3663 1394 3723 essent,
1408 3655 1543 3726 quidquid
1565 3657 1653 3713 nestri
1667 3657 1767 3714 vellent
1781 3673 1846 3728 pre·

216 3753 344 3808 brarum.
1056 3750 1198 3807 mitterent
1215 3748 1376 3818 adimplere,
1390 3748 1523 3806 resistens
1541 3748 1634 3806 abbati
1649 3751 1677 3805 in
1692 3749 1790 3808 faeiem
1802 3751 1846 3808 di-

253 3844 405 3915 Postquam
431 3853 525 3899 antem
547 3842 637 3899 nostrl
657 3841 860 3913 aliquantulum
874 3841 1006 3913 temperis
1057 3842 1106 3907 cit,
1128 3840 1204 3910 qued
1229 3839 1282 3896 bec
1297 3840 1387 3896 nestri
1412 3840 1573 3898 nullomodo
1588 3842 1765 3901 sustinerent.
1792 3843 1846 3902 Cel

218 3938 247 3991 in
259 3938 462 4008 expugnatione
476 3936 559 3991 castri
571 3935 763 3995 laboraverant
775 3935 1006 4006 memorati,qua·
1056 3933 1143 3990 abbas
1157 3933 1301 4004 respondit
1323 3950 1331 3988 a
1359 3950 1370 3986 r
1391 3932 1431 3990 lla
1444 3935 1554 4005 timeas,
1570 3937 1634 4008 quia
1660 3936 1745 3994 crede
1770 3939 1845 4011 qued

218 4034 282 4088 dam
298 4040 378 4087 uncte
392 4030 536 4086 bentinica
551 4038 684 4085 excuntes
698 4029 736 4084 illl
758 4031 793 4085 de
807 4038 909 4097 castre,
923 4045 1007 4085 rene·
1057 4026 1219 4099 paucissimi
1244 4035 1450 4084 convertentur.
1468 4046 1478 4081 ι
1496 4027 1545 4085 llis
1563 4029 1662 4086 diebus
1675 4032 1846 4101 precedente

220 4134 286 4181 ruat
300 4125 334 4179 ad
347 4124 437 4179 lecum
459 4123 507 4178 ubi
520 4131 579 4179 erat
594 4122 725 4192 petraria,
742 4122 931 4194 cophinosque
946 4123 1004 4193 ple·
1057 4140 1150 4192 eruce,
1168 4133 1196 4182 et
1209 4125 1310 4181 vexillo
1333 4125 1445 4181 comitis
1468 4126 1662 4198 subsequente,
1686 4128 1778 4185 uillam
1802 4131 1847 4186 in·

220 4233 271 4273 nos
283 4228 374 4287 stupa,
391 4216 472 4287 liguis
486 4214 568 4272 siccis
585 4216 698 4272 minutis
712 4223 741 4271 ct
754 4216 834 4286 adipe
856 4217 949 4272 unctis
965 4218 1008 4270 in·
1057 4225 1134 4273 trant
1158 4218 1257 4282 nostri,
1271 4226 1299 4273 et
1314 4225 1459 4274 cantantes
1482 4216 1517 4274 Te
1536 4218 1621 4274 Deum
1633 4219 1786 4289 tradamur,
1800 4237 1847 4279 ec·

220 4315 391 4375 strumentis,
408 4310 491 4364 dorse
508 4307 634 4378 petrariae
653 4309 856 4379 applicuerunt,
868 4324 933 4364 mer
945 4308 1007 4378 igne
1058 4312 1171 4367 elesiam
1187 4311 1300 4376 adeunt,
1316 4325 1400 4380 quam
1426 4310 1645 4379 reconciliatam,
1661 4328 1772 4369 crucem
1786 4313 1847 4371 fio·

219 4403 365 4476 supposito
387 4403 497 4457 ssarrrtna
524 4402 608 4456 altius
623 4417 653 4458 sc
667 4401 799 4457 infundit.
824 4400 890 4456 Erat
907 4402 1008 4472 quippe
1057 4403 1189 4459 minicam
1204 4403 1232 4456 in
1250 4403 1409 4459 summitate
1422 4403 1506 4458 turris
1526 4412 1642 4473 ponunt,
1656 4407 1848 4465 vexiliumce-

219 4504 330 4566 tempus
343 4494 468 4550 aestivum
489 4501 518 4548 et
531 4493 742 4563 calidissimum,
758 4492 833 4551 circa
854 4493 965 4560 terum,
978 4502 1008 4550 ut
1059 4496 1136 4550 mitis
1152 4495 1205 4550 alia
1221 4494 1250 4549 in
1272 4503 1352 4565 parte
1375 4496 1508 4551 locantes.
1529 4494 1658 4552 'cbristus
1680 4499 1780 4569 quippe
1796 4500 1849 4554 vil·

220 4590 324 4645 dictum
345 4597 397 4652 est,
415 4586 445 4643 S.
471 4585 595 4642 loannis.
622 4572 746 4659 Contigit
771 4597 876 4656 numm,
894 4579 1008 4642 'volente
1060 4586 1116 4640 iarn
1132 4599 1252 4656 ceperat,
1263 4594 1291 4641 et
1305 4586 1418 4658 dignum
1439 4598 1500 4642 erat
1516 4597 1546 4642 ut
1556 4589 1684 4644 vexillum
1706 4590 1846 4662 elusprre·

220 4679 371 4750 [leoquud
383 4694 454 4734 unus
467 4680 503 4735 de
517 4679 632 4750 illisqui
646 4678 792 4734 tralrebaut
805 4677 839 4733 ad
847 4678 1007 4748 petrariam,
1059 4679 1178 4744 eederet,
1193 4689 1221 4734 ct
1234 4681 1263 4734 in
1277 4680 1453 4736 eminentiori
1465 4681 1527 4736 lece
1536 4682 1669 4753 pesitum,
1683 4682 1849 4740 christianas

219 4776 336 4832 secessit
352 4775 379 4829 in
392 4775 438 4829 illa
451 4775 517 4830 hera
529 4775 563 4829 ad
575 4774 712 4844 exquisita
729 4785 835 4828 natura
849 4788 857 4828 ε
873 4773 932 4843 qui,
948 4774 1008 4828 eise
1023 4731 1047 4790 D
1061 4771 1185 4827 victoria
1208 4772 1396 4828 testimenium
1419 4774 1589 4844 perhiberet;
1603 4785 1791 4833 verumtamen
1804 4787 1850 4833 eo·-

218 4865 295 4939 ,igue,
316 4866 508 4922 vehementius
532 4866 715 4931 exclamavit;
738 4879 802 4919 mex
819 4880 893 4920 unus
905 4880 939 4920 cr
952 4865 1009 4923 illis
1061 4878 1123 4919 mes
1139 4863 1406 4923 tuncneeintravit.

220 4960 270 5030 qui
291 4961 384 5030 ignem
400 4970 594 5031 apposuerant,
613 4960 737 5013 lanceam
759 4957 917 5029 projiciens,
931 4958 1009 5014 illurn
1096 4953 1147 5011 'llis
1158 4956 1253 5026 gestis,
1269 4955 1434 5011 venerabilis
1449 4955 1534 5013 abbas
1547 4957 1659 5014 vallium
1671 4957 1788 5032 sarnay,
1801 4966 1849 5032 qul

222 5053 344 5129 graviter
356 5041 510 5109 vulneravit
525 5070 532 5108 τ
552 5054 583 5108 flt
607 5053 738 5123 strepitus
753 5053 780 5107 in
800 5053 933 5120 exercitu,
946 5067 1011 5108 cur·
1061 5058 1122 5104 erat
1134 5061 1197 5103 cum
1213 5049 1312 5103 comite
1323 5046 1351 5101 in
1365 5048 1521 5116 obsidione,
1536 5052 1733 5123 negotiumque
1747 5053 1850 5109 Claristi

221 5156 289 5201 runt
305 5146 395 5212 ntulti,
411 5146 555 5217 ipsamque
575 5146 723 5217 petrariam
735 5154 790 5200 tam
809 5145 973 5203 miraculose
983 5154 1012 5201 et
1061 5143 1147 5197 unico
1160 5141 1378 5211 amplectebatur
1391 5141 1497 5208 affectu,
1518 5143 1635 5198 audiens
1657 5144 1850 5199 lracveticerum

222 5238 315 5294 subite
326 5252 391 5318 mex
402 5237 563 5305 defendunt,
583 5237 723 5309 quodnisi
737 5237 868 5307 perduus
886 5236 1012 5308 ictusja-
1063 5222 1276 5310 multitudinem
1289 5242 1481 5304 congregatam
1507 5235 1535 5290 in
1560 5236 1678 5305 quadam
1694 5237 1787 5297 demo,
1803 5250 1851 5289 ae·

221 5346 285 5386 cere
296 5344 351 5385 nou
366 5334 497 5388 cessavit.
511 5331 576 5388 Post
598 5332 703 5400 aliquot
720 5345 785 5386 vere
802 5330 872 5397 dies,
888 5345 951 5387 cum
967 5330 1011 5386 di·
1063 5331 1149 5389 cessit
1171 5330 1205 5385 ad
1222 5343 1271 5384 ees
1286 5327 1428 5399 perferens
1450 5329 1506 5384 illis
1521 5330 1604 5383 verba
1623 5328 1700 5399 pacis
1712 5335 1740 5381 et
1752 5310 1852 5382 salutis

222 5433 274 5479 ctae
289 5424 436 5492 macfrirrae,
464 5420 584 5480 castrum
608 5439 642 5479 cx
659 5438 758 5493 inagna
785 5423 861 5492 parte
876 5423 1030 5478 debilitas.
1065 5423 1180 5489 monita,
1196 5421 1270 5490 ipses
1284 5419 1312 5474 in
1331 5421 1432 5475 melius
1457 5427 1618 5474 convertere
1644 5417 1772 5488 cupiebat
1783 5436 1791 5472 :
1804 5417 1854 5487 qttf

223 5525 295 5582 sent,
312 5517 505 5574 deficientibus
524 5519 607 5573 etiam
630 5516 808 5583 victualibus,
832 5514 934 5572 defecit
958 5516 1013 5572 illis
1064 5515 1147 5569 rerba
1171 5512 1232 5582 ejus
1247 5512 1490 5585 interrumpentes,
1505 5525 1603 5566 emrres
1627 5525 1681 5566 rma
1698 5508 1854 5567 recediss-

224 5610 272 5680 qui
300 5609 376 5665 intus
398 5617 488 5675 erant,
513 5611 624 5665 animus
648 5608 805 5665 resistendi..
819 5607 891 5675 Quid
918 5608 1014 5680 plural
1065 5618 1180 5664 rrrntar
1207 5607 1300 5676 Quare
1323 5607 1415 5664 verbis
1445 5603 1611 5676 praedicatis,
1636 5602 1717 5659 lidem
1732 5611 1852 5659 vestram

223 5699 370 5756 Postulavit
393 5718 489 5774 pacem
517 5702 679 5759 adversarii.
696 5701 759 5756 Exit
787 5701 863 5759 feras
883 5702 1014 5758 deminus
1057 5699 1214 5768 'nolumus;
1233 5699 1386 5757 Romanam
1400 5688 1549 5753 Ecclesiam
1571 5695 1747 5762 abdicamus;
1763 5694 1791 5749 in
1804 5709 1854 5749 va·

223 5795 320 5859 castri,
336 5793 820 5861 nomineGuillelmusdellincrba,
836 5810 899 5851 eum
913 5794 1015 5850 comite
1066 5809 1133 5849 num
1155 5793 1305 5855 laboratis:
1324 5808 1339 5848 a
1355 5799 1428 5847 secta
1452 5803 1534 5862 quarn
1558 5797 1684 5845 tenemus
1700 5802 1751 5844 nee
1778 5802 1855 5844 mera

223 5886 387 5954 locuturus;
403 5889 469 5944 duur
486 5898 577 5943 autern
593 5888 786 5958 loquerentur,
808 5888 894 5945 abbas
908 5886 1014 5945 Cistcr·
1066 5903 1117 5944 nee
1132 5886 1187 5945 vita
1214 5887 1314 5959 poterit
1337 5896 1389 5940 nes
1410 5897 1540 5940 revocare
1554 5881 1645 5952 teon.
1665 5884 1748 5951 rtvrl:
1771 5900 1780 5932 ι
1798 5895 1855 5951 que

224 5982 338 6049 mensis,
353 5990 381 6038 ct
392 5982 523 6052 magister
534 5965 710 6048 Tireediaius,
721 5982 755 6039 de
768 5998 824 6055 que
837 5998 921 6055 supra
934 5997 1015 6039 men·
1067 5983 1170 6046 audito,
1188 5994 1252 6036 mos
1266 5979 1353 6034 abbas
1377 5976 1544 6034 venerabilis
1566 5975 1652 6037 exivit
1664 5992 1680 6032 a
1692 5974 1776 6033 dorne
1797 5976 1855 6042 illa,

217 6079 328 6134 'limem
344 6077 472 6143 s‘dl'fflfs·
485 6077 579 6133 ⁸⁰b¹¹⁰
589 6090 623 6134 θ*
636 6074 778 6146 limma
786 6091 1013 6145 tuoemrrereat.
1067 6077 1143 6137 etad
1160 6075 1300 6149 mulieres,
1312 6091 1374 6147 qrrar
1387 6074 1415 6132 in
1429 6073 1481 6133 alit
1495 6070 1639 6132 mansione
1649 6078 1730 6127 erant
1739 6084 1857 6140 eeoqre·

386 6173 522 6234 feruor„
539 6167 677 6235 flexili.
1286 6198 1292 6205 ·
1676 6164 1720 6218 ιδ
