4350 6709
1184 470 1202 497 ἡ

363 616 416 679 dli
871 612 975 668 estut
992 609 1118 665 vituts
1134 608 1272 665 censali
1291 609 1444 666 MONAClll
1933 619 1986 675 agg

364 737 417 792 pas
436 732 527 790 omnia
544 730 736 800 diripuerunt,
759 730 909 786 servientes
922 741 988 780 vero
1006 725 1078 797 regis
1096 725 1151 779 dn·
1164 729 1186 784 A
1201 724 1235 779 de
1250 724 1374 780 hostibus
1388 725 1423 779 ad
1443 725 1544 795 ipsum,
1558 726 1616 795 qui,
1634 726 1754 794 pcccatis
1770 727 1828 782 suis
1849 712 1986 800 exigereti-

363 828 433 900 giire,
449 826 496 897 qui
511 833 590 880 eraut
602 824 628 877 iu
644 832 730 881 turre.
745 838 839 879 comcs
850 821 928 876 vivos
939 827 966 875 et
980 833 1064 873 sanos
1075 816 1150 873 abire
1199 816 1261 884 bus,
1282 816 1358 887 justo
1379 815 1427 870 liei
1451 816 1553 886 judicio
1577 817 1685 872 lucram
1712 819 1887 886 exlraeredati,
1916 839 1988 891 qum

363 918 478 973 emim·
1199 907 1270 963 idem
1290 909 1450 978 assumpsit,
1468 915 1495 964 et
1508 908 1556 962 diu
1577 910 1676 973 tenuit,
1692 925 1744 963 non
1761 912 1821 964 sine
1836 911 1988 968 multorum

396 1009 462 1065 Post
473 1010 530 1064 lirae
545 1007 638 1062 datum
655 1005 706 1062 luit
719 1006 842 1062 comitia
862 1003 921 1060 suis
943 1005 1103 1070 consilium,
1119 1011 1149 1058 ut
1199 999 1327 1054 scandalo
1344 1007 1371 1055 ct
1393 999 1469 1080 gravi
1489 1000 1606 1070 propriae
1624 1000 1704 1055 laute
1725 1000 1842 1070 jactura.
1867 1001 1908 1056 llli
1922 1019 1988 1059 vero

360 1118 417 1158 nou
444 1100 569 1155 funditus
595 1100 746 1153 destrueret
768 1107 901 1160 castrum,
926 1111 960 1151 eo
981 1097 1054 1167 quod
1077 1103 1150 1151 esset
1198 1092 1335 1161 quierant
1349 1092 1377 1146 in
1391 1101 1482 1148 castro
1495 1094 1613 1160 obsessi,
1631 1093 1786 1164 frequentes
1801 1097 1914 1150 nuntios
1927 1097 1990 1154 ntit-

361 1194 429 1250 satis
451 1192 551 1256 nobile,
569 1199 596 1242 et
612 1193 637 1244 iu
652 1189 824 1244 extremitate
843 1196 921 1243 terrae
937 1203 1003 1251 suae,
1020 1185 1068 1240 sed
1082 1200 1149 1241 cou-
1199 1183 1292 1238 tebanl
1306 1183 1341 1238 ad
1360 1198 1450 1253 regem
1472 1183 1641 1252 lllaedisslum·
1659 1195 1781 1255 petentes
1802 1201 1987 1257 ⁸⁰⁰⁰⁰f⁵¹¹1⁰3

361 1288 505 1343 stituerunt
520 1295 549 1338 ut
569 1284 665 1338 turrim
681 1282 812 1352 maiorem
836 1281 965 1346 muniret,
981 1289 1149 1349 ceterasque
1198 1284 1226 1329 et
1241 1275 1299 1345 ipse
1312 1290 1359 1331 eos
1375 1291 1423 1345 per
1438 1278 1549 1332 nuutios
1572 1285 1599 1331 et
1616 1278 1813 1347 promissiones
1833 1281 1988 1351 plurimum

361 1389 453 1435 rueres
473 1387 500 1433 et
514 1387 617 1449 partem
632 1390 773 1429 murorum
788 1374 919 1429 dirueret.
933 1375 993 1439 Quo
1007 1371 1088 1434 iacto,
1105 1385 1149 1426 ra-
1199 1364 1349 1420 animabat.
1367 1365 1437 1433 Quid
1455 1368 1551 1438 plura?
1571 1369 1602 1423 lit
1613 1385 1707 1423 rumor
1720 1370 1835 1428 eelebris
1854 1371 1884 1427 in
1905 1390 1987 1430 exer-

360 1487 458 1527 versus
479 1480 521 1525 cst
541 1485 634 1525 eomes
656 1468 804 1537 Aginnum.
827 1466 893 1520 Erat
913 1475 1004 1519 autem
1026 1474 1146 1518 castrum
1199 1458 1255 1514 citu
1274 1466 1369 1513 nostro
1382 1458 1447 1529 quia
1464 1476 1509 1514 res
1534 1461 1694 1530 sepedictus
1707 1461 1814 1518 volebat
1833 1464 1863 1519 in
1881 1481 1934 1522 uos
1949 1467 1987 1522 ir-

360 1562 513 1619 Cassanolli
530 1562 621 1617 nobile
634 1570 662 1616 et
675 1560 853 1615 fortissimum
871 1559 897 1612 in
913 1557 1050 1612 territorio
1062 1556 1147 1626 Agin·
1199 1565 1280 1605 tuere
1292 1568 1300 1606 τ
1314 1557 1340 1604 el
1355 1549 1464 1606 fecisset
1479 1550 1606 1616 Ῐῡιὸἰιιῐιι
1623 1555 1645 1608 δί
1661 1569 1746 1609 ausus
1761 1555 1868 1612 fuisset·
1886 1557 1987 1615 C⁰¹¹¹e⁸

361 1659 455 1725 ncrrsi;
482 1658 516 1712 ad
540 1658 635 1728 pedem
656 1655 790 1726 siquidem
819 1653 961 1723 ettiusdom
985 1651 1100 1717 utentis,
1120 1650 1146 1704 in
1183 1653 1287 1697 -autem
1307 1643 1475 1699 fortissimus
1504 1643 1695 1712 llotrtislortis,
1717 1648 1744 1701 in
1766 1649 1988 1721 nulloperterri·

361 1750 548 1805 amoenissima
570 1747 682 1817 planitie
703 1747 786 1801 snum
801 1756 870 1808 m„
891 1744 938 1800 seg
956 1751 983 1797 eg
1002 1742 1081 1813 ,quis
1094 1740 1149 1795 cp.
1198 1743 1244 1790 tus
1256 1746 1298 1791 est
1322 1736 1356 1791 de
1378 1735 1488 1804 auditis,
1505 1738 1553 1792 sed
1569 1739 1684 1793 tirmiter
1700 1743 1844 1810 proposuit
1860 1745 1948 1812 quod,
1963 1747 1986 1800 si

360 1840 582 1904 cumlluentibus,
599 1847 626 1893 et
639 1838 739 1894 nativis
756 1837 871 1906 rupilius
892 1835 1073 1905 cingebatur:
1089 1842 1148 1888 orat
1198 1827 1337 1882 rexvellet
1352 1827 1456 1882 irruere
1471 1830 1672 1896 inexercitum,
1688 1845 1743 1884 non
1767 1832 1828 1887 idco
1843 1836 1987 1891 recederet

361 1935 388 1988 in
404 1942 495 1988 castro
508 1932 554 1985 illo
570 1932 649 1985 seiles
666 1929 856 1984 hereticorum
871 1943 925 1982 una
943 1927 976 1982 de
992 1926 1148 1997 principali·
1198 1919 1232 1975 ab
1248 1921 1401 1988 ⁰b⁸itli⁰¹¹02
1419 1921 1466 1977 8θᾶ
1489 1937 1519 1977 ⁸0
1538 1931 1566 1977 θῑ
1588 1939 1654 1978 ⁵⁰⁰⁵
1680 1923 1827 1980 defendens
1850 1940 1986 1999 ludmila

361 2027 423 2088 bus,
447 2033 474 2080 et
495 2023 584 2078 luerat
606 2023 640 2076 ab
657 2021 780 2090 antiquo,
798 2020 924 2075 homines
948 2027 1038 2072 antem
1063 2015 1147 2071 castri
1197 2020 1365 2069 contraeum
1377 2031 1384 2080 ;
1397 2013 1444 2069 sed
1461 2014 1622 2084 saepedictus
1638 2033 1697 2084 rer,
1712 2018 1815 2072 saniori
1832 2034 1902 2075 risus
1916 2036 1985 2076 con·

359 2118 435 2174 appu,
451 2125 530 2172 grant
540 2131 589 2187 pro
601 2129 698 2184 magna
712 2125 789 2183 parte
802 2123 925 2182 raptores
937 2118 965 2164 et
978 2109 1092 2180 perjuri,
1107 2123 1148 2163 re
1163 2077 1184 2130 Β
1198 2105 1271 2170 silio,
1286 2105 1352 2160 nibil
1373 2106 1406 2161 dc
1417 2105 1460 2162 his
1478 2122 1539 2176 quae
1554 2108 1715 2164 dicebantur
1736 2120 1762 2164 et
1783 2126 1846 2181 quae
1868 2111 1984 2168 forsitan

358 2213 425 2284 pleti
448 2209 522 2266 omni
545 2208 688 2278 iniquitate
712 2214 739 2260 et
760 2219 858 2276 genere
880 2213 1071 2274 peccatorum;
1088 2201 1145 2271 jam
1197 2204 1378 2265 proposuerat
1403 2213 1484 2269 agere
1505 2201 1656 2255 attentavit.
1678 2200 1733 2257 Nee
1752 2203 1889 2261 silendum
1911 2207 1984 2276 quod

358 2306 431 2360 euim
444 2302 527 2358 semel
538 2310 565 2356 et
576 2300 672 2354 iterum
697 2294 871 2368 reddiderant
896 2310 926 2350 se
935 2293 1145 2360 Clrristianitati,
1197 2289 1327 2359 magister
1342 2288 1477 2346 liobertus
1491 2290 1524 2346 de
1537 2290 1676 2348 Corceone
1689 2296 1838 2352 cardinalis
1850 2299 1984 2368 apostoli·

359 2412 433 2454 nuuc
451 2396 532 2450 etiam
557 2402 584 2447 et
601 2391 681 2447 tertia
696 2390 756 2444 vice
781 2385 981 2443 christianitati
1005 2396 1034 2441 et
1053 2386 1146 2441 comiti
1196 2384 1322 2449 caetsedis
1339 2384 1454 2454 legatus,
1466 2384 1499 2441 de
1510 2401 1566 2456 quo
1578 2403 1660 2456 supra
1673 2389 1787 2447 lecintus
1803 2392 1983 2462 mentionem.

358 2498 454 2545 nostro
465 2488 592 2543 resistere
601 2492 780 2539 attentarunt.
794 2480 861 2534 Erat
873 2491 964 2535 autem
976 2479 1057 2535 castri
1073 2478 1146 2534 illius
1197 2476 1271 2531 veuit
1286 2478 1320 2531 {td
1336 2477 1487 2533 exercitum
1502 2478 1530 2533 i¹¹
1542 2479 1684 2537 obsidione
1695 2481 1862 2551 C³S⁵³¹¹⁰¹5ls
1875 2494 1905 2542 0¹
1918 2502 1984 2557 ιιι·

356 2583 488 2640 ὼῐῃιῃῃς
511 2580 598 2650 maior
621 2576 698 2647 llugo
726 2576 760 2630 de
784 2574 956 2640 llonriuiaco,
981 2572 1067 2629 irater
1087 2573 1146 2642 epi·
1196 2583 1244 2624 cos
1264 2569 1301 2624 ibi
1315 2568 1418 2626 iaciens
1431 2571 1490 2627 dies
1504 2573 1656 2641 laborabat,
1673 2584 1756 2645 prout
1775 2580 1875 2647 potuit,
1888 2589 1984 2651 utpote

357 2678 434 2748 ,copi
449 2673 631 2748 aginnense
657 2672 702 2726 ure
724 2667 993 2726 contristantibus
1016 2668 1146 2725 tuente
1196 2659 1280 2716 nono
1295 2661 1374 2717 nona
1398 2663 1557 2734 volutans,
1583 2667 1616 2722 au
1638 2670 1869 2738 expugnationem
1886 2674 1983 2738 astri,

357 2768 481 2832 amicus;
499 2765 545 2820 sed
569 2765 628 2833 ipso
642 2776 726 2826 anno,
741 2769 821 2831 rupta
847 2759 1035 2817 familiaritate
1058 2771 1085 2817 er
1101 2777 1146 2816 ῃ.
1195 2751 1254 2818 ιιι,
1274 2753 1391 2823 negotiis
1405 2754 1534 2826 injunctae
1557 2757 1609 2812 sibi
1625 2759 1767 2829 legationis
1786 2761 1878 2832 ipsum
1904 2779 1983 2821 revo-

359 2866 511 2923 camen&
524 2871 571 2926 W
584 2854 777 2924 prog3210„0m‚
793 2868 809 2907 a
823 2850 879 2906 [ιω
898 2863 1046 2908 recesseras
1060 2861 1145 2909 0100.
1174 2886 1176 2890 Α
1195 2846 1332 2912 cantibus,
1347 2863 1401 2903 non
1415 2853 1583 2921 exspectavit
1597 2868 1683 2923 usque
1699 2854 1764 2908 dum
1776 2865 1924 2924 caperetur
1937 2874 1983 2914 ca-

358 2950 423 3003 mite
438 2954 610 3001 memorato:
634 2944 801 3013 collegerant
812 2943 895 2998 etiarn
911 2959 941 2999 se
963 2945 1009 3000 alii
1024 2946 1146 3015 prodito.
1195 2948 1295 2996 strum.
1314 2939 1399 3012 lgitur
1412 2942 1598 3001 laborantibus
1610 2947 1712 3005 nostris
1728 2948 1755 3003 in
1766 2949 1912 3008 obsidione
1925 2951 1982 3018 ills,

357 3056 402 3095 res
417 3036 609 3109 quarnplurimi
623 3036 651 3091 in
666 3044 758 3090 castro
771 3036 828 3090 illo.
838 3032 957 3091 Veniens
968 3036 1050 3104 igitur
1064 3037 1144 3091 nobi·
1193 3040 1222 3087 et
1235 3047 1284 3101 per
1292 3032 1384 3103 jactus
1400 3036 1591 3093 machinarum
1606 3041 1694 3095 muris
1706 3042 1790 3097 castri
1811 3057 1862 3112 pro
1882 3060 1982 3115 magna

357 3130 392 3185 lis
413 3143 506 3182 cuntes
523 3124 705 3181 llontislortis
725 3124 921 3180 cumenercitu
933 3134 996 3178 ante
1011 3134 1143 3192 castrum,
1193 3133 1271 3192 parte
1290 3124 1448 3194 debilitatis,
1465 3130 1582 3199 quadam
1604 3141 1694 3198 nocte,
1710 3135 1871 3191 convocatis
1888 3150 1983 3194 comes

358 3225 385 3278 in
404 3220 495 3292 vigilia
511 3217 707 3288 Apostolorum
729 3214 804 3270 Petri
829 3223 856 3270 et
881 3213 958 3270 Pauli
972 3215 1144 3272 obsidionem
1193 3215 1395 3288 densioribus
1417 3222 1553 3278 exercitus
1574 3233 1600 3278 ct
1614 3224 1732 3294 quodam
1748 3225 1852 3281 artifice
1866 3241 1983 3298 carpen-

357 3313 477 3369 ilrmavit
488 3327 522 3367 ex
537 3325 590 3363 una
602 3319 679 3379 parte
693 3323 775 3379 super
786 3315 919 3375 montem,
934 3322 989 3362 trun
1000 3307 1074 3363 enirn
1086 3308 1145 3364 sul·
1194 3308 1276 3373 tario,
1291 3309 1433 3380 inquisivit
1454 3314 1490 3368 ab
1510 3316 1616 3370 artilice
1638 3317 1683 3371 illo
1706 3320 1847 3387 quomodo
1867 3329 1983 3390 possent

356 3406 464 3462 liciebat
476 3402 613 3460 exercbus
628 3400 688 3470 ejus
705 3399 739 3454 ad
758 3408 880 3456 castrum
896 3400 1053 3455 incircuitu
1068 3401 1177 3474 obsi-c
1194 3405 1280 3458 nostri
1295 3405 1329 3460 ad
1341 3422 1436 3464 muros
1451 3409 1582 3466 accedere
1597 3419 1624 3465 et
1637 3420 1757 3467 castrum
1771 3428 1868 3483 capere
1879 3429 1929 3484 per
1941 3415 1983 3470 in·

357 3502 487 3558 dendum.
503 3496 569 3553 Post
584 3511 687 3567 paucos
707 3503 798 3550 autem
815 3495 884 3562 dies,
902 3494 967 3551 lecit
980 3509 1073 3551 comes
1086 3510 1145 3551 ma·
1194 3497 1313 3564 sultum;
1334 3502 1478 3556 eratenim
1498 3517 1569 3573 aqua
1583 3502 1718 3573 protunda
1742 3505 1815 3560 inter
1829 3509 1981 3564 exercitum

357 3594 454 3649 otinas
472 3590 540 3661 erigi
554 3589 587 3644 ad
603 3586 753 3644 diruendos
776 3601 872 3642 muros
886 3589 985 3655 castri;
1010 3588 1145 3643 machinae
1192 3599 1220 3646 et
1233 3591 1365 3657 castrum,
1380 3601 1409 3647 et
1428 3593 1558 3662 quoniam
1574 3596 1717 3666 oportebat
1731 3599 1858 3665 transire,
1880 3598 1905 3654 si
1926 3601 1982 3654 cer.

357 3695 449 3743 autem
464 3682 526 3750 ille,
538 3692 564 3737 ct
575 3680 609 3735 ad
622 3693 717 3734 muros
730 3687 758 3734 et
772 3679 843 3734 intra
857 3690 979 3735 castrum
994 3680 1144 3734 instantius
1193 3680 1251 3734 lent
1264 3682 1350 3737 nostri
1362 3683 1396 3737 ad
1408 3698 1502 3737 muros
1518 3685 1657 3751 accedere,
1672 3696 1700 3741 et
1715 3701 1768 3741 non
1780 3698 1839 3744 erat
1850 3689 1887 3744 ibi
1901 3707 1982 3760 pons,

354 3779 498 3853 jacientes,
522 3776 550 3830 iu
574 3773 649 3827 breri
670 3773 768 3828 doulos
789 3772 875 3828 castri
895 3772 1029 3842 plurimas
1051 3772 1144 3827 dirue·
1191 3770 1256 3841 quia
1281 3773 1430 3828 adversarii
1447 3775 1537 3844 ipsum
1560 3786 1667 3846 aparte
1689 3779 1819 3835 exteriori
1839 3782 1982 3840 diruerant

356 3883 438 3938 ιιιιιι;
464 3875 526 3939 post
547 3865 653 3935 aliquot
675 3873 765 3918 autem
791 3866 860 3930 dics,
887 3865 1144 3945 supervenientibus
1193 3874 1256 3920 ante
1274 3866 1420 3922 adveutum
1436 3875 1572 3923 nostrum.
1587 3868 1679 3927 llultis
1703 3874 1789 3928 multa
1811 3874 1980 3941 dicentibus,

356 3964 519 4034 peregrinis,
542 3956 709 4013 descendens
728 3972 820 4012 comes
838 3957 872 4012 de
891 3967 993 4025 munte,
1010 3957 1069 4013 linit
1084 3969 1144 4014 ten·
1193 3959 1301 4014 taudem
1314 3960 1348 4014 ad
1364 3961 1507 4015 corvsilinnr
1523 3962 1589 4016 dicti
1602 3964 1715 4020 artilicis
1732 3966 1759 4020 in
1777 3967 1830 4022 boc
1844 3983 1981 4026 convenc-

356 4057 425 4114 turia
442 4055 469 4110 in
492 4052 602 4124 planitie
620 4066 703 4122 prope
728 4057 861 4113 castrum,
883 4060 987 4119 partem
1007 4052 1144 4107 exereitus
1194 4059 1268 4116 runt,
1291 4059 1321 4106 ut
1334 4050 1490 4124 lieretpous
1504 4055 1537 4110 de
1549 4054 1631 4126 lignis
1643 4065 1671 4112 ct
1687 4057 1783 4119 cledis,
1796 4061 1845 4131 qui
1859 4076 1909 4131 por
1929 4065 1980 4118 nri-

355 4147 461 4204 naseos
475 4158 569 4199 secum
582 4156 591 4195 t
606 4141 698 4212 plures
711 4154 776 4196 vero
790 4148 981 4194 remanserunt
994 4139 1022 4194 in
1039 4151 1142 4209 monte,
1193 4144 1278 4202 rabile
1293 4145 1440 4201 artilieium
1457 4161 1539 4216 super
1554 4147 1628 4203 dirlia
1651 4163 1749 4219 magna
1768 4149 1916 4221 impulsus,
1932 4170 1979 4224 per

355 4254 420 4295 cum
442 4234 614 4292 nobilissimo
638 4241 665 4288 et
690 4231 855 4302 probissimo
876 4231 978 4302 juvene
1004 4232 1144 4288 Almarico
1193 4253 1293 4308 squam
1316 4247 1427 4295 nostros
1448 4239 1519 4294 ultra
1540 4250 1670 4311 portaret.
1695 4240 1791 4297 Statim
1815 4248 1979 4302 renai-abitt,-

357 4330 414 4385 tilio
440 4326 559 4392 comitis,
579 4331 607 4379 et
635 4322 783 4378 venerabili
810 4321 942 4392 episcopo
967 4322 1144 4380 Carcassonae
1193 4329 1337 4399 episcopus
1360 4328 1546 4396 Carcassonac,
1566 4332 1612 4401 qui
1637 4342 1667 4387 ut
1683 4333 1753 4388 ultra
1775 4335 1882 4406 ingredi
1896 4339 1978 4395 ariam

355 4418 552 4488 dordonensi
567 4416 604 4471 ibi
622 4414 701 4486 legati
717 4412 834 4484 iungens
849 4411 947 4481 officio,
960 4415 994 4468 ad
1005 4430 1145 4486 expugna·
1193 4430 1296 4492 posset,
1318 4421 1362 4477 ilie
1387 4425 1524 4492 noctuque
1548 4424 1689 4479 laborabat
1712 4428 1739 4479 in
1766 4426 1808 4480 liis
1824 4442 1887 4496 quae
1906 4431 1979 4485 obsi-

357 4515 459 4570 tionem
473 4522 501 4568 et
518 4511 671 4582 captionem
689 4509 772 4564 castri
791 4509 988 4566 instantissime
1002 4518 1084 4580 atque
1101 4509 1143 4566 el·
1193 4513 1268 4568 dioni
1283 4529 1351 4583 opus
1365 4525 1453 4579 erant,
1469 4526 1617 4569 convocata
1632 4516 1806 4572 ruultitudine
1821 4522 1980 4592 peregrino·

309 4646 312 4652 ,
355 4608 518 4664 ticacissime
529 4604 681 4660 laborabat.
694 4600 768 4657 Fecit
779 4610 871 4657 autent
882 4616 975 4657 comes
990 4603 1016 4656 in
1032 4603 1144 4672 planitie
1196 4621 1270 4666 ιιιιιι,
1284 4604 1348 4660 lccit
1362 4606 1452 4662 alierri
1467 4606 1578 4677 eopiosa
1592 4608 1664 4679 ligna
1684 4609 1718 4663 ad
1737 4608 1895 4667 laciendum
1910 4629 1980 4684 pon.

356 4701 403 4764 ubi
417 4715 446 4755 se
456 4699 602 4764 locaverat,
615 4696 684 4766 erigi
699 4695 841 4751 maclrinas
855 4711 916 4766 que
930 4697 1055 4766 petrariae
1067 4713 1141 4751 nun·
1196 4707 1259 4753 tem.
1271 4697 1419 4768 Postquam
1434 4709 1524 4755 autem
1540 4699 1629 4756 iactus
1640 4711 1681 4757 est
1696 4717 1776 4771 pons,
1792 4715 1935 4760 armantes
1946 4722 1975 4760 se

355 4803 501 4862 cupautur,
513 4791 558 4847 die
580 4799 718 4858 noctuque
729 4787 864 4858 jacientes
886 4786 981 4844 muros
998 4788 1081 4844 castri
1095 4787 1143 4842 de·
1158 4780 1290 4857 ιιῃοςηῑ,
1312 4801 1476 4862 papaverum
1491 4808 1520 4848 se
1535 4793 1568 4848 ,g
1590 4793 1737 4859 insnum
1753 4795 1980 4867 impenemsque

355 4881 499 4937 bilitabant
523 4882 683 4952 plurimum.
706 4877 830 4946 Quadam
854 4888 945 4934 autem
967 4889 1046 4935 nocte
1067 4880 1140 4935 circa
1192 4894 1303 4954 pontem
1327 4883 1361 4938 ad
1383 4900 1481 4955 aquam
1504 4901 1591 4954 iisque
1612 4897 1764 4955 venerunt:
1787 4889 1836 4944 sed
1858 4905 1935 4958 nior,
1951 4901 1981 4946 ut

356 4989 496 5040 auroram,
507 4983 639 5029 excuntes
654 4974 747 5045 plures
763 4988 797 5028 ex
816 4974 980 5029 adversariis
991 4974 1025 5029 de
1039 4985 1141 5046 castro,
1192 4990 1262 5045 pous
1277 4991 1377 5046 aquam
1391 4976 1488 5047 tetigit,
1513 4991 1563 5046 pro
1581 4977 1628 5031 'sui
1642 4976 1848 5047 ponderositate
1868 4992 1897 5037 et
1914 4998 1979 5054 quta

355 5064 537 5122 ascenderunt
549 5063 578 5117 in
600 5072 721 5117 montem
740 5064 870 5132 impetum
885 5060 981 5116 lacturi
1002 5063 1141 5118 unouimi-
1192 5070 1252 5138 ripa
1273 5085 1381 5139 nipuaea
1400 5079 1475 5139 parte
1492 5069 1536 5124 illa
1552 5069 1605 5124 alta
1619 5077 1689 5136 erat,
1707 5070 1740 5124 ad
1761 5071 1816 5125 ima
1831 5080 1911 5130 tanto
1926 5075 1979 5130 im.

356 5167 397 5213 ter
420 5157 448 5211 iu
470 5156 634 5220 exereitum,
659 5155 854 5224 venientesque
876 5154 910 5208 ad
931 5155 1089 5221 tentorium,
1113 5157 1141 5210 in
1192 5171 1256 5231 peto
1269 5161 1391 5232 dilapsus
1405 5171 1462 5225 est,
1480 5161 1554 5232 quod
1571 5162 1646 5216 nullo
1668 5163 1749 5218 modo
1765 5161 1868 5219 retrahi
1892 5168 1981 5238 potuit

354 5267 411 5322 ouo
424 5248 577 5304 dlmarieus
597 5247 670 5303 lilius
686 5247 796 5302 comitis
817 5245 980 5312 dormiebat,
1003 5246 1142 5303 irruerunt
1193 5253 1234 5306 tel
1247 5251 1342 5317 levari,
1357 5253 1451 5323 simne
1462 5260 1535 5307 totus
1550 5251 1629 5306 labor
1645 5262 1748 5317 noster,
1761 5253 1852 5323 qrtoad
1869 5264 1978 5326 pontem

354 5346 384 5399 in
401 5359 464 5398 euin
481 5340 662 5405 validissime,
682 5339 773 5409 ipsum
789 5339 895 5408 capturi
910 5340 952 5393 vel
973 5339 1102 5406 occisuri,
1118 5340 1142 5395 si
1193 5341 1281 5406 illum,
1296 5353 1443 5414 quassatus
1456 5351 1499 5399 est
1521 5344 1547 5398 in
1564 5353 1712 5400 momento.
1725 5343 1790 5400 Post
1806 5361 1914 5416 paucos
1929 5362 1978 5402 au·

354 5447 481 5510 possent,
505 5436 553 5492 sed
574 5442 717 5491 currentes
733 5433 830 5500 nostri,
856 5441 883 5488 et
907 5433 1000 5488 hostes
1026 5433 1142 5490 viriliter
1192 5446 1246 5492 tern
1267 5437 1335 5504 dies,
1353 5437 1574 5494 leceruntuostri
1590 5438 1701 5494 alterius
1720 5438 1795 5494 modi
1815 5449 1942 5510 pontem,
1957 5440 1978 5494 si

355 5529 527 5597 infestantes,
543 5528 578 5584 ad
598 5537 720 5584 castrum
735 5540 816 5582 surim
838 5526 928 5582 redire
941 5526 1140 5594 compulerunt.
1192 5524 1265 5584 iorte
1283 5538 1396 5600 possent
1411 5545 1460 5602 per
1472 5530 1562 5600 ipsum
1574 5545 1672 5600 aquam
1689 5532 1763 5587 illam
1775 5533 1912 5603 transire;
1928 5549 1977 5605 pa·

390 5621 461 5677 llum
472 5623 530 5678 baec
541 5629 685 5694 agerentur
697 5620 726 5675 in
740 5617 883 5674 obsidione
894 5618 953 5685 illa,
965 5634 1013 5673 rex
1027 5617 1140 5688 Angliae,
1193 5630 1322 5676 raveruut
1342 5621 1423 5676 etiam
1443 5621 1584 5677 naviculas
1607 5637 1720 5693 paucas,
1743 5639 1792 5694 per
1814 5641 1899 5696 qnae,
1916 5626 1978 5682 lices

353 5713 487 5781 ioannes,
501 5715 549 5786 qui
561 5716 657 5771 dolens
669 5712 887 5769 exhaeredatione
904 5711 1011 5782 nepotis
1022 5711 1083 5778 sui,
1100 5712 1142 5765 vi·
1192 5725 1256 5766 cum
1277 5726 1377 5783 magno
1392 5713 1561 5782 discrimine,
1579 5729 1643 5785 pars
1656 5725 1814 5771 nostrorum
1826 5718 1974 5774 transiret:

353 5808 453 5866 delicet
468 5809 517 5864 dlii
530 5809 641 5865 comitis
660 5806 801 5873 Tolosani,
822 5805 903 5861 bonis
915 5805 1017 5860 uosuis
1031 5818 1154 5859 succes-
1192 5803 1374 5875 omnibusque
1397 5805 1511 5875 paratis,
1532 5815 1672 5863 armantes
1693 5822 1723 5863 se
1746 5797 1975 5882 nostri,‘ponte;n

354 5900 433 5957 sibus
447 5902 606 5970 invidebat,
631 5908 783 5957 accesserat
801 5913 885 5970 prope
908 5905 998 5967 partes
1020 5894 1092 5961 illas,
1106 5897 1141 5952 ud
1193 5895 1306 5953 trallunt
1323 5896 1357 5951 ad
1381 5911 1492 5968 aquarn,
1508 5901 1554 5956 alii
1567 5909 1660 5958 autem
1679 5900 1822 5958 naviculas
1843 5903 1974 5961 ascaride-

355 5988 607 6065 Petragoricensent
624 5993 750 6050 videlieet
762 5992 913 6058 civitatem,
930 5988 1033 6045 babens
1045 6005 1139 6057 secum
1192 5997 1266 6045 runt.
1279 5987 1320 6045 nu
1334 5998 1427 6046 autem
1441 5991 1475 6048 de
1489 6002 1579 6050 castro
1599 5993 1732 6050 babentes
1746 5995 1886 6066 petrarias
1908 5993 1975 6050 rnol-

341 6086 497 6144 ercreitum
511 6103 644 6160 magnum
661 6087 758 6149 valde:
772 6083 951 6158 conlegerunt
964 6083 1036 6140 enim
1047 6085 1139 6156 plnres
1192 6089 1235 6136 tas
1249 6090 1345 6138 contra
1363 6091 1473 6140 nostros
1494 6083 1690 6143 instantissime
1706 6093 1734 6141 et
1753 6084 1925 6143 validissime
1935 6085 1974 6159 ia-
