4350 6709
269 581 318 640 ibi
790 585 925 649 sicnltbt
944 585 1188 653 CREthNENSiS
1206 587 1357 654 uniscunt
1827 597 1880 655 tta

269 699 393 755 omnium
422 707 465 757 est
479 700 600 771 dignitas
624 704 783 772 reverenda,
806 721 868 762 cum
889 720 983 762 earum
997 705 1050 761 ini·
1064 709 1087 766 h
1101 720 1175 760 mum
1186 704 1241 762 lico
1256 716 1408 773 cantamus,
1425 717 1456 763 ut
1479 723 1494 762 a
1514 707 1635 764 caecitate
1654 711 1771 779 mentis,
1791 723 1817 769 et
1835 732 1883 770 ne-

268 791 338 846 tium
350 797 378 845 et
392 789 473 849 dnem
489 789 640 848 referamus
655 795 689 850 ad
702 793 859 853 hominum.
874 794 941 851 Nam
955 797 982 851 in
996 797 1050 851 ini·
1101 797 1177 868 gotio
1195 798 1402 868 perambulante
1425 799 1454 853 in
1473 799 1616 856 duodecim
1643 800 1774 857 horarum
1808 812 1883 860 tene.

269 881 308 937 tio
335 879 480 935 Dominum
509 882 669 941 invocamus
693 886 722 943 io
744 887 925 956 adjutorium,
944 886 972 942 in
997 887 1050 944 liae
1098 887 1156 944 bris
1175 892 1197 923 ⁸⁰
1215 906 1263 961 per
1282 890 1328 946 Dei
1345 890 1561 948 misericordiam
1581 894 1770 962 perveniamus
1787 896 1822 951 ad
1838 896 1883 952 lu-

268 971 324 1026 heo
342 970 444 1042 gratias
457 972 575 1043 agimus.
591 974 734 1050 impetrata
750 977 877 1048 loquendi
889 979 1008 1045 licentia,
1022 988 1051 1035 et
1099 995 1158 1035 cem
1175 982 1345 1037 aeternitatis.
1367 981 1414 1037 llel
1428 980 1573 1038 duodecim
1588 993 1653 1038 sunt
1668 999 1779 1040 menses
1804 988 1881 1053 anni,

268 1062 414 1132 implorato
440 1063 514 1134 regis
542 1065 667 1133 auxilio,
686 1076 716 1122 ut
737 1068 809 1138 regis
833 1069 1049 1125 berrevolentiam
1098 1071 1126 1128 in
1144 1072 1244 1143 quibus
1257 1071 1377 1140 diaholo,
1391 1073 1433 1129 rei
1448 1073 1549 1128 mundo
1568 1074 1712 1130 servimus.
1731 1074 1882 1135 Duodecim

267 1162 426 1226 captemus,
455 1172 471 1212 a
496 1158 644 1228 praemissis
667 1160 795 1220 laudibus
818 1161 979 1221 inchoamus
1004 1162 1049 1219 di·
1099 1171 1165 1217 sont
1178 1163 1294 1233 apostoli
1316 1179 1433 1234 quorum
1454 1164 1579 1220 doctrina
1595 1164 1754 1220 liberamur.
1769 1164 1881 1222 [luode-

266 1257 360 1304 centcs
379 1247 496 1306 :Gloria
522 1250 598 1311 Patri
618 1261 643 1306 et
659 1251 732 1307 Filio
752 1263 777 1308 et
798 1252 912 1325 Spiritui
933 1266 1048 1326 cuncto,
1098 1255 1151 1309 cim
1164 1270 1228 1325 ergo
1239 1255 1359 1324 psalmos
1372 1263 1525 1322 cantamus,
1540 1256 1740 1312 utaservitute
1761 1272 1809 1326 per
1830 1259 1881 1314 do-

267 1341 337 1397 ricut
354 1351 411 1397 erat
430 1343 457 1398 iu
470 1344 601 1415 principio
616 1354 642 1400 ct
654 1361 723 1400 nunc
736 1356 761 1401 ct
772 1362 883 1417 semper,
900 1357 926 1402 et
945 1348 975 1404 io
996 1365 1048 1405 ao·-
1098 1347 1213 1402 utrinam
1228 1346 1406 1417 apostolicam
1417 1347 1536 1402 libertati
1544 1347 1686 1403 donemur.
1701 1347 1735 1404 Et
1743 1349 1805 1405 vide
1816 1350 1880 1420 quia

267 1432 330 1488 culo
343 1434 511 1496 saecolorum.
526 1436 620 1503 Amen,
640 1434 719 1494 liunc
733 1451 842 1493 versum
867 1437 1049 1512 Hieronymus
1097 1440 1220 1511 psalmus
1240 1441 1381 1497 dicebatur
1405 1440 1566 1507 modulatio,
1589 1455 1638 1510 per
1660 1450 1769 1499 cantum
1784 1441 1878 1498 decem

266 1527 420 1596 adinvenit,
441 1537 469 1589 et
483 1528 512 1584 in
528 1527 582 1585 dne
607 1529 777 1600 psalmorum
797 1532 943 1589 dicendum
970 1534 1048 1590 insti·
1097 1532 1273 1598 chordarum,
1288 1547 1303 1590 a
1319 1531 1398 1602 psalli
1411 1532 1484 1602 quod
1495 1540 1537 1588 est
1550 1540 1680 1603 tangere:
1695 1545 1768 1588 mmc
1786 1541 1878 1589 autem

266 1618 335 1687 tuit;
349 1627 377 1675 et
390 1619 520 1690 quoniam
542 1619 654 1691 quidam
676 1631 741 1677 sunt
754 1622 823 1692 pigri
844 1622 879 1678 ad
894 1622 966 1692 regis
976 1637 1048 1694 pra·
1097 1622 1219 1694 psalmus
1233 1631 1275 1679 est
1288 1623 1348 1679 laus
1368 1621 1415 1678 hei
1436 1622 1535 1679 bonam
1561 1623 1720 1695 significans
1740 1625 1879 1695 operatio·

266 1711 364 1779 conia,
379 1712 421 1767 vel
435 1711 469 1777 ad
479 1711 606 1768 militiam
620 1715 784 1783 contrenire3
800 1714 862 1771 ideo
877 1715 948 1772 sicut
958 1731 1048 1787 praeco
1097 1728 1178 1782 nem3
1193 1714 1309 1786 ideoque
1324 1715 1389 1771 dum
1419 1729 1468 1771 eos
1489 1715 1625 1783 canimus,
1645 1724 1719 1772 stare
1732 1717 1878 1793 debemus,

266 1803 387 1859 mittitur
406 1819 456 1875 per
475 1804 612 1860 civitatem
628 1804 730 1863 milites
744 1806 872 1876 invitare,
896 1806 1049 1864 siccantur
1097 1814 1127 1861 ut
1145 1805 1364 1863 demonstremus
1383 1819 1433 1862 nos
1449 1820 1509 1861 esse
1522 1815 1631 1877 paratos
1656 1807 1690 1863 ad
1706 1807 1770 1863 honi
1790 1809 1880 1878 operis

265 1896 378 1953 inchoat
402 1898 603 1968 invitatorium
627 1907 655 1955 et
672 1898 772 1956 iratres
790 1901 908 1958 invitans
932 1902 1045 1958 subdit:
1097 1898 1257 1955 exercitium
1278 1897 1307 1953 in
1330 1911 1413 1953 cansa
1437 1905 1532 1953 nostra
1555 1906 1582 1953 et
1602 1897 1730 1954 fratrum.
1755 1898 1880 1955 Psalmcs

270 1988 372 2046 Vertite.
388 1989 422 2046 Et
439 1991 584 2048 considera
597 1992 669 2063 qrrod
684 1992 847 2050 invitatoriis
871 2010 925 2051 vox
950 1996 1047 2053 humill
1096 1991 1304 2059 combinamus,
1339 1991 1513 2049 ostendentes
1544 2005 1596 2046 nen
1624 1989 1718 2047 landes
1750 2001 1879 2058 nostras.

264 2091 331 2139 nota
357 2082 550 2154 praemittitur,
572 2094 600 2141 et
627 2096 720 2156 postea
743 2086 896 2154 exaltatur,
916 2089 1045 2158 qnoniam
1063 2060 1149 2140 Bnec
1166 2099 1247 2154 opera
1261 2091 1354 2140 nostra
1369 2082 1429 2139 sine
1452 2081 1584 2138 charitate
1603 2082 1715 2148 valere,
1733 2097 1794 2152 quae
1813 2098 1880 2137 con-

264 2173 388 2242 Ecclesiu
401 2176 479 2247 prius
500 2185 609 2233 secreto
622 2180 701 2250 quasi
718 2179 790 2235 ostio
808 2179 912 2247 clauso,
936 2190 1047 2251 propter
1097 2177 1171 2234 sistit
1195 2178 1223 2233 in
1243 2178 1385 2235 dilectione
1404 2177 1452 2233 liei
1476 2186 1506 2233 et
1520 2175 1638 2247 proximi
1655 2176 1694 2230 ⁸¹.
1711 2175 1785 2230 boos
1802 2176 1879 2244 psai-

265 2282 296 2323 se
319 2266 405 2323 neum
423 2267 517 2334 laudat
535 2278 562 2324 et
582 2279 642 2330 orat
658 2270 698 2340 ‘⁸3
718 2270 815 2327 deiude
827 2270 970 2328 manifeste
985 2287 1048 2342 pro-
1097 2283 1157 2323 mos
1189 2284 1251 2324 curn
1286 2284 1341 2324 una
1363 2269 1449 2340 gloria
1479 2266 1877 2325 secundumconsuetudinem

262 2367 325 2429 pter
346 2359 433 2430 alios,
459 2368 490 2416 ut
513 2363 645 2418 accendat
672 2363 753 2419 ardor
774 2363 916 2433 proximos
946 2380 954 2417 ι
983 2379 1045 2420 cum
1097 2355 1244 2413 Gallicanae
1254 2356 1381 2414 Ecclesiae
1391 2358 1587 2425 terminamus;
1602 2357 1896 2441 quia-laudcsnostrae'

264 2450 398 2522 hymnum
414 2453 597 2510 communiter
612 2463 871 2524 eantamns‚omnes
885 2457 1046 2515 conuenisse
1095 2457 1161 2505 tunc
1171 2457 1347 2519 acceptantur
1358 2450 1385 2504 in
1396 2450 1510 2520 gloriam
1522 2448 1680 2517 Trinitatis,
1689 2449 1879 2520 sicensistnut

264 2541 377 2613 milites,
389 2553 452 2614 post
470 2544 659 2606 invitationem
674 2545 702 2602 in
717 2546 789 2618 regis
811 2547 958 2618 praeconia,
974 2547 1046 2602 desi·
1096 2540 1123 2596 in
1144 2541 1254 2597 vinculo
1271 2540 1423 2598 charitatis.

263 2648 398 2705 gnanus,
417 2634 496 2706 juxta
515 2636 609 2690 illndt
641 2654 652 2689 t
677 2637 803 2704 Audiuit,
832 2645 860 2692 et
887 2637 976 2701 laetata
1004 2646 1045 2695 est
1131 2631 1257 2690 Psalmos
1273 2635 1375 2690 chorus
1397 2633 1518 2690 concinit
1541 2633 1707 2691 alternatim.
1734 2633 1879 2689 Charusa

262 2725 332 2784 Sion
354 2727 387 2785 δ’.
408 2747 418 2780 v
439 2727 486 2785 Est
508 2738 600 2784 autem
616 2729 734 2800 hymnus
753 2729 813 2789 laus
829 2729 876 2785 Dei
892 2745 954 2785 cum
976 2745 1043 2786 caa-
1096 2728 1213 2792 choraea,
1226 2727 1268 2783 vel
1279 2742 1294 2782 a
1307 2741 1423 2793 corona,
1444 2727 1485 2782 vel
1500 2742 1516 2782 a
1531 2728 1785 2784 concordianomen
1798 2741 1879 2781 acce·

262 2817 331 2883 rico,
345 2833 427 2889 quern
451 2826 555 2875 stantes
578 2827 733 2886 cantamus,
749 2827 779 2874 ut
789 2820 817 2878 in
831 2819 969 2876 erectione
982 2837 1044 2877 cor·
1095 2819 1145 2890 pit.
1157 2818 1227 2875 Olim
1243 2820 1314 2876 circa
1326 2835 1389 2876 aras
1400 2820 1427 2874 in
1440 2820 1552 2875 modurn
1567 2835 1676 2876 coronae
1697 2820 1878 2876 circumstan-

261 2922 362 2981 porum
378 2909 574 2982 signillcemus,
586 2910 659 2980 quod
674 2919 779 2966 mentes
789 2910 981 2981 dirigamusad
992 2910 1045 2968 lio·¹
1096 2919 1136 2967 tes
1161 2912 1334 2968 concorditer
1365 2912 1564 2979 concinebant,
1597 2912 1643 2967 sed
1674 2910 1821 2976 Flavianus
1850 2919 1879 2969 et

261 2999 382 3067 minum.
398 3000 456 3065 liisi
471 3001 545 3067 enim
565 3016 643 3057 mens
664 3009 797 3057 consonet
810 3002 919 3074 linguae,
941 3012 1044 3059 centvm
1096 3002 1256 3060 Theodorus
1273 3005 1427 3061 alternatim
1447 3005 1563 3076 psallere
1574 3004 1727 3066 instituere.
1738 3002 1797 3057 Duo
1812 3016 1878 3071 ergo

261 3101 410 3150 estvocem
429 3101 674 3165 quantumcunque
697 3093 734 3148 sit
755 3092 886 3161 clamosa,
909 3093 965 3150 neo
988 3108 1044 3149 non
1096 3101 1172 3166 altori
1199 3100 1371 3173 psalta-mium
1397 3100 1540 3170 desipiam
1568 3100 1696 3169 angelos,
1720 3106 1747 3151 et
1765 3097 1878 3168 spiritus

260 3182 379 3255 illm·
1093 3195 1250 3267 justorum,
1282 3192 1361 3263 quasi
1396 3192 1534 3262 reciproca
1562 3190 1702 3244 voluntate
1729 3188 1877 3243 Dominum

300 3278 402 3339 Deinde
429 3287 579 3336 nocturnos
608 3279 764 3351 incipimus.
787 3278 821 3335 Et
839 3280 900 3335 vide
914 3280 979 3352 quia
993 3295 1044 3337 aa·
1096 3286 1273 3354 laudantium,
1293 3295 1320 3341 ct
1339 3299 1369 3340 se
1382 3284 1417 3338 ad
1438 3284 1537 3339 bonam
1553 3281 1737 3352 operationem
1759 3280 1878 3336 invicem

262 3379 360 3440 ctnrng
375 3383 518 3427 nocturne
532 3370 632 3426 dicitur
654 3386 704 3443 pro
727 3371 815 3439 hora,
841 3371 967 3427 nocturni
994 3386 1079 3460 noc
1095 3378 1310 3445 exhortantium.
1334 3376 1389 3432 San
1408 3376 1561 3447 antiphonae
1580 3381 1645 3430 sunt
1657 3389 1704 3429 sex
1721 3379 1825 3435 aetates,
1848 3371 1877 3426 in

262 3471 423 3522 sturnorum
438 3478 488 3534 pro
503 3462 601 3518 officio.
623 3461 821 3519 Velnocturnn
839 3472 979 3520 nocturnae
994 3478 1045 3534 pra
1094 3471 1196 3541 quibus
1228 3469 1382 3527 necessaria
1407 3477 1449 3525 est
1476 3468 1547 3523 bona
1578 3464 1701 3537 operatio
1718 3471 1745 3518 et
1766 3461 1879 3516 dilectio

261 3554 424 3619 collectione
447 3556 615 3628 psalmorum
650 3564 712 3612 ²⁰²⁶
746 3556 894 3625 ¹00¹i⁰¹¹esst
917 3557 1044 3613 ¹¹⁰⁰llln¹i
1096 3558 1769 3633 beietproxtn13vetnranrtpnonaesexsum
1793 3569 1878 3623 opera

260 3650 462 3710 nocturnorum
484 3665 535 3722 pro
551 3651 685 3721 psalmis,
701 3651 877 3718 lectionibus,
895 3666 1044 3724 responso·
1094 3655 1300 3726 misericordiae,
1316 3661 1454 3724 quaesunt
1471 3652 1636 3708 esurientem
1655 3649 1746 3704 cibare
1758 3687 1765 3712 ,
1778 3646 1878 3701 sitien-

260 3741 332 3809 rlis;
353 3750 495 3802 nocturnae
511 3751 732 3810 nocturnarum,
751 3758 800 3813 pro
820 3742 999 3813 temporibus.
1014 3742 1045 3798 ln
1095 3756 1150 3803 tem
1172 3755 1287 3817 potare,
1308 3745 1411 3800 nudum
1436 3743 1555 3808 vestire,
1580 3739 1714 3810 hospitem
1739 3737 1884 3809 colligere:

259 3831 390 3904 proicstis
399 3833 496 3891 diebus
509 3849 592 3890 unam
604 3834 713 3905 quidem
727 3844 897 3902 nocturnam,
909 3835 937 3890 iu
947 3835 1046 3891 solen-

260 3921 396 3992 nitatibus
408 3938 473 3980 vero
485 3933 543 3981 tres
557 3925 750 3982 consuevimus
761 3927 919 3994 cclelrrarc3
938 3926 965 3981 in
980 3942 1045 3997 pro-

260 4012 340 4070 festis
361 4029 612 4084 commemoramus
638 4019 726 4074 nostri
751 4018 841 4077 exsilii
869 4019 1043 4088 servitutem;

260 4103 289 4160 in
302 4105 471 4163 solemnibus
486 4116 578 4178 autem
598 4109 802 4166 liberationem.
817 4110 887 4165 Cum
900 4112 990 4181 itaque
1004 4111 1061 4167 si-'

1094 3840 1232 3894 intirmum
1246 3838 1367 3904 visitare,
1385 3835 1584 3896 incarceratum
1605 3831 1740 3886 redimere
1755 3829 1790 3883 ¹¹.
1811 3825 1878 3892 Quae

1095 3930 1118 3988 si
1146 3928 1392 3995 observaverimus,
1410 3927 1444 3982 de
1469 3925 1588 3988 tenebris
1611 3922 1694 3993 hujus
1724 3919 1814 3977 noctis
1834 3919 1879 3973 vcl

1094 4022 1193 4079 mortis
1207 4021 1344 4076 advenam
1359 4020 1446 4075 lucem
1459 4028 1486 4074 et
1497 4020 1579 4075 vitam
1594 4014 1783 4088 perveniemus
1797 4020 1879 4066 aetcr·

1095 4131 1170 4172 naun.
1199 4113 1247 4169 l'el
1265 4128 1311 4184 per
1335 4112 1512 4182 antiphonam
1540 4109 1676 4174 charitas,
1701 4106 1744 4160 vel
1770 4104 1879 4165 devotio

259 4214 324 4255 mua
343 4198 420 4270 prius
435 4199 483 4257 lilii
499 4199 558 4266 irre,
583 4208 610 4258 et
632 4210 725 4271 postca
748 4201 798 4256 lilii
812 4202 906 4273 gratie
918 4206 951 4271 ⁸¹¹,
966 4203 1045 4273 prius
1094 4207 1194 4262 mentis
1219 4203 1363 4275 accipitur.
1391 4201 1467 4258 Unde
1487 4203 1674 4266 alternantur;
1700 4196 1763 4268 unia
1782 4194 1877 4255 chari-

261 4291 296 4348 de
310 4291 400 4349 edicio
413 4292 615 4364 profestorum,
633 4295 807 4364 postmodum
825 4310 888 4350 tero
903 4295 936 4351 de
956 4295 1045 4352 ‹riiicio
1095 4308 1137 4357 tas
1153 4297 1188 4354 acl
1205 4297 1297 4353 minus
1312 4296 1383 4351 inter
1396 4294 1466 4353 duos
1483 4293 1597 4351 hahetur
1617 4309 1624 4346 ι
1643 4299 1670 4346 ει
1683 4287 1779 4360 psalmi
1793 4286 1880 4340 alter-

222 4449 224 4453 ,
261 4385 421 4441 festivorum
439 4401 563 4458 agamus,
580 4395 610 4444 ut
623 4389 658 4444 de
672 4388 713 4444 ira
727 4388 761 4443 ad
783 4391 920 4460 gratiam,
936 4391 970 4445 dc
993 4406 1044 4445 no·
1094 4392 1178 4446 natim
1195 4398 1340 4447 cantantur
1354 4388 1406 4445 sub
1421 4403 1475 4442 una
1486 4385 1648 4455 antiphona,
1662 4382 1742 4448 idest
1756 4378 1806 4434 sub
1819 4392 1879 4432 uno

260 4488 304 4533 cte
316 4478 351 4533 ad
366 4478 451 4545 diem,
475 4479 509 4535 de
532 4481 663 4543 servitute
678 4483 711 4537 ad
727 4482 880 4538 libertatem
904 4485 1045 4554 pervenire
1092 4483 1203 4538 uinculo
1227 4481 1380 4538 dilectionis
1400 4493 1482 4544 onera
1498 4485 1641 4547 portantur
1663 4473 1701 4540 ι“;
1723 4470 1800 4526 rcrhi
1814 4485 1878 4541 gra-

259 4571 420 4641 possimtts;
436 4587 452 4638 a
466 4587 522 4643 quo
538 4574 611 4629 enim
623 4575 686 4646 quis
697 4584 842 4646 superatur
854 4575 1043 4640 illius‚scrvus
1094 4576 1151 4642 tia,
1171 4591 1243 4631 unus
1270 4574 1344 4646 legit,
1369 4573 1438 4628 alter
1465 4571 1602 4634 sentiunt,
1621 4580 1743 4638 tempore
1768 4563 1877 4619 iunctus

258 4661 393 4733 ellicltur;
406 4662 533 4732 diabolus
543 4666 695 4725 humanum
712 4681 798 4737 genus
818 4666 919 4723 devicit
938 4677 966 4722 et
976 4668 1043 4723 dirae
1094 4669 1179 4725 lector
1190 4667 1276 4738 satori
1288 4665 1457 4729 doctrinam,
1473 4672 1548 4718 sator
1568 4659 1661 4720 lectori
1677 4672 1774 4728 panem
1787 4654 1878 4734 porri·

259 4755 385 4812 servituti
399 4756 506 4828 subegit
517 4756 550 4813 ⁸².
577 4755 611 4814 nt
623 4773 688 4827 ergo
701 4759 736 4813 ab
753 4758 805 4813 bac
820 4757 978 4824 liberemur,
992 4775 1043 4814 no-
1058 4738 1081 4792 ⁰
1097 4759 1146 4830 git,
1162 4757 1254 4812 unitas
1280 4756 1373 4825 itaque
1389 4752 1577 4825 symphoniae,
1595 4759 1621 4804 et
1644 4746 1788 4818 dispositio
1810 4759 1879 4800 con-

259 4849 369 4904 cturnis
386 4849 472 4918 horis,
503 4848 604 4905 divinis
628 4849 724 4912 ciliciis
750 4850 928 4917 insudamus,
947 4866 1042 4906 verum

259 4938 324 5009 quia
348 4948 470 5007 nostram
498 4942 667 5012 servitutem,
685 4959 733 5014 per
748 4959 796 5000 sex
820 4952 913 4999 aetatcs
933 4944 1043 4999 extendi

260 5028 450 5100 imploramus,
475 5033 536 5088 idco
559 5049 606 5088 sex
624 5035 751 5097 noctibus
769 5034 948 5090 hebdomadis
969 5034 1041 5089 idem

259 5117 378 5175 odicium
398 5122 558 5192 regulariter
572 5123 763 5192 celebramus;
784 5125 811 5179 in
825 5140 880 5195 quo
899 5125 1041 5180 duodecim

258 5210 381 5281 psalmos
395 5226 457 5273 oum
478 5226 525 5266 scr
539 5212 717 5283 antiphonis,
737 5230 800 5269 cum
816 5214 904 5270 trihus
918 5214 1042 5270 lectioni-

258 5301 324 5370 bus,
348 5312 376 5358 et
402 5303 516 5365 totidem
543 5305 728 5375 responsoriis
753 5305 951 5380 decantamus3
976 5306 1040 5363 olim

258 5395 356 5466 psalmi
383 5397 459 5452 varie
476 5397 664 5463 canebantur;
691 5413 754 5461 nam
770 5398 815 5452 alii
831 5399 1040 5470 quiniquaginta,

259 5483 306 5541 alii
318 5486 420 5558 plures,
437 5489 483 5544 alii
494 5489 647 5560 pauciores.
665 5487 740 5557 ilndc
752 5505 814 5545 curn
825 5490 921 5548 Patres
943 5506 1042 5559 conve·

258 5577 375 5644 nissent,
392 5589 423 5635 ut
436 5580 469 5637 de
480 5597 595 5639 nurnero
607 5582 761 5655 delinirent,
779 5584 876 5656 angelo
896 5583 1041 5657 revelante,

259 5667 444 5727 duodenarius
468 5688 600 5729 numerus
624 5681 667 5729 est
692 5673 846 5745 institutus.
876 5671 955 5728 Nocti
977 5688 1042 5743 crgo

257 5760 402 5819 duodecim
418 5763 501 5822 horas
521 5769 695 5841 ascribimus,
710 5784 760 5839 pro
785 5781 948 5838 urraqmque
968 5765 1042 5836 psal-

1096 4849 1350 4915 cordiaeordinate,
1364 4847 1433 4902 bene
1453 4844 1584 4899 ordinatae
1612 4839 1731 4897 cir-iratis
1754 4837 1879 4896 insinuat

1097 4941 1240 5005 unitatem,
1256 4946 1287 5002 ut
1299 4952 1359 4992 earn
1371 4935 1471 4991 surdus
1482 4933 1543 4988 visu
1555 4930 1645 5001 capiat
1656 4938 1684 4984 et
1695 4927 1809 4982 auribus
1822 4940 1878 4985 cae-

1097 5048 1146 5089 cus
1161 5030 1296 5102 intelligat
1315 5028 1397 5088 :inde
1420 5036 1463 5082 est
1476 5025 1557 5080 etiam
1573 5023 1646 5093 quod
1673 5018 1785 5091 psalmis
1805 5014 1879 5074 anti·

1095 5126 1195 5197 phone
1209 5121 1450 5184 intermiscentur,
1470 5118 1533 5189 quia
1555 5115 1622 5170 indes
1644 5109 1878 5183 perdilectionem

1095 5225 1223 5289 operatur
1243 5217 1277 5274 ⁸⁸.
1302 5215 1417 5287 ldcoquc
1443 5211 1590 5281 antiphona
1612 5207 1712 5274 dicitur
1737 5219 1787 5258 occ
1810 5203 1879 5257 reci·

1095 5326 1185 5380 proco,
1213 5309 1292 5381 quasi
1318 5318 1413 5364 contra
1441 5320 1550 5374 sonum,
1574 5301 1609 5356 ab
1628 5299 1684 5363 anti
1703 5305 1730 5352 ct
1749 5296 1876 5366 phonas;

1095 5403 1160 5474 quia
1182 5403 1305 5473 psalmus
1321 5401 1471 5458 secundum
1487 5397 1572 5452 melos
1592 5393 1748 5467 antiphonae
1768 5389 1877 5443 intona-

1095 5505 1139 5552 tur
1162 5503 1189 5550 et
1209 5509 1307 5550 manus
1320 5501 1462 5563 operatur,
1485 5494 1634 5545 secundum
1657 5481 1761 5554 quoda
1785 5478 1879 5543 chari-

1094 5587 1159 5643 tatis
1173 5586 1294 5657 igniculo
1307 5586 1454 5640 excitatur.
1472 5579 1519 5635 Est
1536 5586 1625 5634 autem
1641 5575 1790 5645 antiphona
1809 5585 1878 5636 can·

1094 5680 1176 5734 tilena
1192 5680 1226 5734 ad
1239 5678 1440 5734 recreationem
1457 5675 1612 5729 animorum
1635 5668 1736 5724 diuinis
1750 5661 1879 5719 laudibus

1095 5772 1241 5829 interserta
1256 5789 1263 5837 ;
1284 5778 1311 5827 et
1328 5769 1436 5827 ouidcm
1453 5767 1522 5822 nihii
1542 5764 1660 5835 amplius
1685 5758 1817 5816 charitate
1831 5768 1878 5809 re·

259 6031 280 6084 n
298 5963 505 6095 {augauno
524 5969 549 6094 Γ
562 5970 641 6093 7εει.
666 5970 711 6026 ss.
751 5966 986 6073 ‘reptatas’
1002 5960 1108 6021 uren.
1125 5963 1152 6018 a.
1185 5963 1219 6039 ‘v
1235 5962 1316 6038 ‚asan
1342 5963 1386 6019 ao.
1418 5963 1444 6034 ρ·
1465 5960 1559 6020 tiaran.
1587 5959 1633 6033 aa.
1671 5955 1802 6014 *raom
1829 5950 1878 6009 aa.

354 6076 362 6092 .
400 6076 407 6092 ·
506 6054 541 6094 a.
581 6083 587 6096 .
759 6052 762 6057 '
947 6046 966 6073 '·
1198 6047 1200 6050 ⁴

901 6124 912 6154 ¹.
923 6104 965 6152 ..1³
