4350 6709
271 564 328 627 nes
786 565 890 622 rursu
908 566 1032 624 rstnts
1049 566 1190 626 cerunt
1208 564 1363 622 uonscut
1684 551 1690 563 '
1848 565 1902 626 sss

273 689 325 747 sed
341 706 389 746 rex
414 686 568 751 Ricardus,
594 683 706 754 quando
734 682 810 737 dedit
832 696 956 738 sororem
983 695 1063 736 suam
1078 685 1103 742 Α
1123 689 1244 736 castrum
1259 679 1359 737 renna
1381 679 1584 738 nobilissimum
1605 682 1633 739 in
1656 682 1798 739 territorio
1818 680 1902 755 Agin·

273 778 412 839 loannem
437 775 595 832 llaimundo
610 774 704 830 comiti
725 772 863 830 Tolosano
887 773 915 828 in
937 787 1065 841 uxorem,
1117 772 1206 839 nansi,
1236 769 1264 825 iu
1289 770 1433 840 cujusdam
1463 771 1600 844 siqnidem
1634 773 1714 829 collis
1742 773 1903 831 amoenitate

277 875 415 932 caritatem
431 867 607 939 sepedictam
623 882 686 922 curu
701 866 841 921 territorio
856 864 995 922 suodedit
1016 880 1066 935 pro
1117 862 1216 930 situm,
1241 861 1385 938 latissimis
1404 870 1434 918 et
1453 860 1660 923 fecundissimis
1687 864 1903 936 circumquaque

277 962 455 1023 matrimonio
470 961 577 1018 sororis
591 975 648 1016 sum
663 959 755 1015 comiti
769 958 917 1015 Tolosaoo.
933 958 1067 1015 Dominus
1118 954 1236 1012 vallibus
1251 955 1411 1027 cingebatur
1424 971 1433 1009 τ
1448 957 1563 1013 ornabat
1580 957 1681 1029 qnippe
1700 965 1825 1013 castrum
1839 956 1903 1013 bion

277 1057 362 1113 etiam
379 1069 448 1126 papa
464 1053 559 1108 comiti
584 1060 680 1107 nostro
697 1050 810 1107 dederat
833 1053 860 1106 in
886 1051 1023 1107 mandatis
1039 1058 1070 1106 ut
1118 1058 1254 1105 terrarum
1269 1049 1418 1122 opulentia,
1433 1047 1509 1105 illinc
1532 1058 1672 1120 pratorum
1698 1049 1828 1123 planities
1842 1065 1904 1121 gra·

276 1161 375 1203 omnes
383 1156 437 1201 tam
446 1145 589 1200 haereticos
600 1158 682 1213 quam
690 1142 880 1199 baereticorum
890 1142 1011 1199 fautores
1021 1144 1071 1199 im·
1119 1139 1206 1207 tiosa;
1224 1139 1288 1196 binc
1313 1138 1484 1196 delectabilis
1501 1140 1633 1197 siluarum
1647 1141 1804 1208 amoeoitas,
1830 1140 1904 1197 illinc

277 1246 413 1311 pugnaret
422 1237 525 1293 auxilio
535 1237 796 1308 crucesignatorum.
807 1235 945 1292 llorentes
959 1237 1068 1306 igitura
1120 1231 1263 1287 letificans
1284 1229 1412 1288 fertilitas
1444 1231 1603 1301 uinearum3
1630 1233 1769 1289 arridebat
1791 1232 1905 1302 insuper

278 1338 370 1387 castro
378 1327 407 1384 S.
416 1327 557 1393 Antonini,
566 1328 773 1382 venimusrecto
779 1341 874 1398 gressu
887 1326 920 1381 ad
933 1326 1069 1396 quoddam
1124 1325 1196 1380 aeris
1206 1323 1361 1380 desiderata
1373 1322 1530 1390 salubritas,
1549 1324 1825 1380 circumcurrentium
1836 1338 1904 1396 opu·

278 1434 401 1479 castrum
411 1420 520 1476 comitis
530 1417 667 1484 Tolosani,
680 1419 753 1490 quod
764 1418 904 1475 dicebatur
914 1416 1070 1474 lions-cuc.
1121 1417 1194 1474 lenta
1206 1415 1365 1487 iucunditas
1378 1415 1544 1483 fluviorum
1564 1417 1621 1488 ipsa
1635 1426 1726 1472 autem
1739 1416 1826 1473 castri
1848 1429 1906 1472 mu·

275 1539 277 1541 ·
315 1519 372 1571 flee
386 1512 521 1570 silendum
536 1514 610 1583 qnod
633 1512 883 1583 munitiones,pcr
894 1526 964 1581 quas
979 1521 1071 1566 trans·
1122 1509 1285 1580 nitiosupra
1302 1524 1397 1579 rupem
1418 1507 1531 1565 fundata
1552 1511 1699 1565 maximam
1718 1520 1747 1565 et
1770 1513 1905 1576 nativam,

284 1609 422 1672 lebamus,
451 1606 808 1677 quatimorcnostrorum,
830 1602 1071 1660 abincoliseraut
1122 1606 1210 1661 muris
1235 1606 1339 1660 munita
1366 1604 1536 1673 fortissimis,
1568 1605 1646 1676 quasi
1682 1605 1906 1677 inexpugnabilis

279 1700 428 1767 derelicta,
442 1699 477 1754 de
493 1696 593 1769 quibus
613 1705 719 1767 poterat
740 1696 885 1767 provenire
903 1696 1006 1752 malum
1018 1697 1070 1752 ali·
1121 1698 1279 1754 ridebatur.
1296 1696 1449 1753 llicbtrdus
1462 1697 1597 1768 siquidem
1614 1714 1660 1755 rex
1685 1698 1801 1770 Angliae,
1825 1698 1906 1769 errius

279 1793 356 1864 quod
368 1790 582 1857 christianitati,
598 1789 718 1844 faciebat
731 1804 825 1845 eomes
837 1787 962 1844 funditus
983 1789 1070 1846 everti
1122 1792 1327 1864 supradiximus
1338 1790 1429 1847 luerat
1443 1801 1564 1847 castrum
1586 1791 1695 1860 Penne,
1719 1790 1905 1846 munitionem

280 1885 326 1942 uel
348 1884 483 1943 comburi.
510 1881 652 1951 Quodnam
682 1891 813 1953 praterea
834 1881 924 1938 nobile
948 1892 1070 1940 castrum
1121 1887 1310 1958 supradictam
1325 1885 1475 1944 fortissime
1487 1886 1634 1954 munierat,
1648 1896 1818 1956 puteumque
1830 1885 1859 1940 in
1874 1898 1906 1940 ea

280 1977 356 2050 quod
379 1985 423 2033 est
453 1989 538 2047 prope
565 1973 735 2030 Antoninum
764 1976 876 2031 nomine
898 1976 1069 2044 caslutium,
1084 2028 1107 2085 B
1122 1979 1177 2060 fodi
1191 1979 1301 2044 fecerat,
1315 1980 1379 2051 quia
1394 1990 1514 2037 castrum
1527 1978 1593 2035 illud
1604 1988 1664 2034 erat
1687 1978 1769 2049 quasi
1783 1986 1908 2049 caputet

281 2068 355 2140 quod
371 2067 479 2123 terrebat
491 2064 713 2133 0⁰¹110⁵T0¹⁰⁵aer
726 2069 857 2124 traditum
871 2077 914 2124 esi
926 2079 991 2125 tuoe
1002 2077 1070 2124 lem·
1121 2076 1206 2134 claris
1220 2076 1303 2133 totius
1317 2075 1446 2133 territorii
1462 2075 1637 2146 Agiooeosis.
1649 2071 1802 2130 Praedictus
1815 2082 1908 2130 autem

281 2163 359 2235 poris
373 2163 468 2219 comiti
479 2171 592 2230 nostro,
606 2161 744 2237 mediante
756 2161 892 2218 industria
909 2163 959 2217 riri
970 2162 1071 2220 nobilis
1122 2184 1227 2238 comes,
1241 2168 1321 2241 llugo
1335 2169 1463 2227 uidelicet
1476 2168 1522 2225 cul
1544 2181 1637 2225 comes
1656 2165 1763 2224 'folcrat
1784 2175 1907 2223 castmm

280 2253 429 2320 etlldelis,
445 2254 554 2310 comitis
575 2253 703 2310 uidelicet
722 2253 860 2310 Balduiui.
877 2254 978 2312 Comes
996 2257 1072 2311 enim
1122 2260 1189 2317 iliud
1214 2261 1344 2329 dederat,
1370 2252 1559 2317 munitionem
1575 2260 1652 2315 illam
1677 2259 1746 2314 adeo
1768 2257 1908 2315 munierat

284 2357 381 2405 noster
392 2347 450 2418 lam
469 2347 604 2403 babuerat
625 2354 706 2402 antea
721 2354 843 2403 castrum
857 2346 939 2415 illnd3
961 2347 1009 2404 sed
1022 2348 1074 2403 lo·
1112 2353 1218 2425 ,electis
1232 2352 1411 2409 bellatoribus
1427 2360 1455 2408 et
1466 2351 1580 2409 minutis
1593 2350 1769 2417 victualibus,
1795 2349 1909 2422 iusuper

279 2439 372 2495 niues
386 2438 420 2494 ds
434 2446 527 2494 cellro
552 2452 626 2494 inno
644 2438 782 2508 pwlerllo
806 2438 842 2494 lb
854 2453 889 2494 ω
903 2446 1073 2495 retractam
1122 2454 1150 2504 et
1169 2445 1304 2501 macbiois
1319 2460 1380 2517 que
1391 2444 1521 2501 dicuntur
1533 2444 1665 2515 petraria,
1679 2443 1779 2515 lignis,
1795 2442 1870 2500 ferro
1881 2451 1909 2499 et

281 2538 311 2586 es
323 2529 499 2586 reddiderunt
510 2537 632 2586 castrum
645 2530 740 2586 comiti
751 2529 901 2587 Tolosanm
925 2530 1073 2587 audientes
1123 2535 1252 2593 omnibus
1265 2535 1298 2591 ad
1317 2534 1514 2593 defendendam
1529 2535 1709 2590 munitionem
1728 2533 1907 2601 necessariis,

283 2633 374 2678 autem
389 2621 515 2679 homines
526 2622 656 2711 castrius
672 2629 764 2678 monte
776 2631 843 2678 tunc
856 2632 967 2679 nostros
989 2624 1073 2678 adre-
1123 2629 1196 2694 quod
1212 2645 1266 2685 non
1280 2638 1373 2700 posset
1382 2630 1445 2701 quis
1462 2630 1574 2687 emolere
1593 2629 1775 2685 munitionem
1794 2627 1911 2700 saepedi-

282 2715 354 2782 nire,
367 2714 465 2771 timore
478 2716 553 2773 ducti
565 2714 808 2786 omnesfugcrunt,
820 2726 940 2774 castrum
954 2733 1072 2774 saeuum
1122 2733 1206 2789 ctam,
1220 2737 1270 2793 per
1283 2722 1433 2778 multorum
1447 2720 1728 2791 annorumcurricula
1741 2735 1824 2793 posse
1837 2720 1908 2792 capi.

283 2810 564 2881 relinquenteszcrat
586 2822 678 2867 autem
701 2819 822 2867 castrum
840 2813 908 2869 illud
929 2813 1031 2880 nobile,
1047 2822 1074 2870 et
1124 2813 1238 2871 Fecerat
1263 2813 1381 2885 denique
1415 2813 1487 2869 iutra
1525 2812 1699 2885 sepedictam
1727 2811 1910 2867 munitionem

283 2902 314 2960 fu
337 2902 442 2973 optimo
465 2912 493 2959 et
516 2903 668 2961 fortissimo
691 2904 751 2961 loco
771 2906 865 2962 eitum.
889 2907 989 2965 Comes
1009 2922 1074 2964 sero
1123 2907 1247 2965 ollcinas
1270 2904 1411 2962 fabrorum
1427 2905 1508 2973 duas,
1533 2903 1644 2960 furrrsm
1668 2917 1695 2960 er
1709 2902 1907 2960 molendinum.

282 3002 380 3050 noster
399 2993 475 3051 dedit
495 2995 587 3066 ipsnru
615 2997 775 3067 supradicto
806 2998 901 3055 comiti
925 2998 1072 3069 llaldnino,
1124 2998 1269 3070 liultiplici
1282 3013 1348 3070 ergo
1360 2997 1513 3053 munimine
1526 3005 1629 3070 septus,
1642 2996 1816 3054 obsidionem
1829 2994 1911 3068 quasi

283 3084 366 3142 fratri
384 3086 495 3142 comitis
510 3086 652 3143 Tolosaui.
678 3087 742 3146 lode
762 3090 980 3164 progredientes,
998 3094 1075 3150 reni·
1124 3089 1278 3162 intrepidus
1287 3089 1472 3160 exspectabat.
1487 3087 1630 3145 Venientes
1642 3096 1732 3143 autem
1747 3085 1912 3143 nostrlsrts

282 3194 349 3237 utus
359 3194 444 3250 prope
461 3179 599 3251 quoddam
613 3191 734 3238 castrum
746 3182 780 3238 ad
795 3184 865 3241 duas
880 3184 984 3257 leugas,
1000 3186 1074 3255 quod
1125 3176 1909 3249 cestrumflxeretcntoria-circumquaqueriuipsanntem

230 3290 234 3297 ·
285 3271 429 3328 dicebatur
445 3271 548 3340 renna,
564 3273 592 3329 in
608 3273 749 3330 territorio
762 3275 933 3349 aginnensi:
951 3286 1072 3334 castrum
1125 3275 1228 3332 llxiorrc
1240 3273 1494 3340 tabernaculorum,
1508 3279 1650 3343 ceperunt
1666 3269 1751 3341 aliqui
1773 3268 1807 3324 de
1820 3278 1912 3325 raama

285 3363 354 3422 illud
368 3365 545 3420 commiserat
562 3379 655 3422 comes
669 3364 775 3423 Tolosae
790 3366 899 3424 cuidam
922 3369 1002 3424 militi
1027 3385 1072 3426 se-
1086 3376 1108 3436 c
1124 3365 1227 3436 egredi,
1255 3375 1419 3435 nostrosque
1441 3362 1549 3435 sagittis
1573 3361 1664 3418 acrius
1682 3359 1826 3417 infestare.
1846 3358 1914 3416 Post

285 3456 410 3514 neseallo
432 3473 495 3526 sno,
523 3459 571 3529 qui
592 3459 736 3518 dicebatur
759 3460 838 3534 lingo
858 3461 962 3519 ‹llllfar
975 3472 1002 3520 et
1015 3472 1075 3520 erat
1126 3456 1232 3528 aliquot
1248 3464 1339 3513 autem
1353 3455 1423 3523 dies,
1441 3455 1513 3511 intra
1523 3455 1639 3525 burgum
1651 3453 1725 3525 quod
1735 3451 1910 3509 combustum

283 3547 445 3608 Nararrus:
462 3553 575 3624 iusuper
588 3560 617 3610 ct
630 3553 715 3609 filiam
734 3569 814 3610 suarn
838 3569 894 3610 uon
904 3555 939 3610 de
952 3555 1074 3625 legitimo
1127 3555 1382 3620 fuerat,erexet·uot
1391 3549 1478 3605 nestri
1486 3547 1619 3619 petrarias
1630 3557 1661 3603 nt
1672 3546 1798 3617 jacerent
1810 3559 1912 3603 sersus

287 3643 465 3700 matrimonio
479 3643 569 3700 eidem
594 3644 677 3699 militi
697 3645 810 3701 dederat
831 3645 859 3700 io
876 3661 1000 3702 uxorem.
1015 3648 1076 3702 Au·
1126 3645 1308 3701 munitionem
1321 3661 1328 3698 r
1340 3642 1414 3715 qued
1428 3641 1549 3697 umentes
1560 3640 1599 3696 lili
1611 3640 1645 3695 de
1656 3645 1914 3705 castro,crexernot

286 3734 366 3793 nans
386 3736 467 3792 miles
490 3736 537 3792 ille
564 3736 693 3793 advenire
715 3737 844 3795 comitem
857 3737 1075 3808 liboris-tntis,
1126 3749 1155 3796 et
1169 3739 1220 3810 ipsi
1232 3737 1375 3810 petrarias,
1391 3737 1425 3792 ad
1439 3733 1653 3807 perturbandum
1665 3742 1694 3789 ct
1707 3731 1914 3803 impediendum

287 3828 419 3887 adunavit
434 3829 572 3900 ruptarios
586 3845 653 3887 suos
669 3830 754 3887 fortes
766 3839 794 3887 et
807 3832 1008 3889 munitissimos
1018 3834 1075 3891 cir·
1127 3843 1247 3899 nostras,
1265 3830 1455 3902 iacientesque
1474 3827 1579 3898 lapides
1604 3840 1719 3897 magnos
1739 3833 1767 3881 et
1778 3823 1915 3880 creberri-

286 3920 357 3977 aiter
371 3919 597 3991 quadringentos.
612 3921 714 3978 Omnes
726 3931 818 3978 autem
842 3923 969 3982 homines
990 3925 1074 3982 castri
1128 3939 1200 3994 mos,
1212 3932 1321 3981 trustros
1334 3921 1408 3978 baud
1418 3921 1557 3977 modicum
1575 3918 1751 3976 infestabant.
1766 3916 1834 3973 Post
1856 3916 1915 3973 bans

287 4011 437 4068 aminimo
456 4027 544 4082 usque
565 4012 601 4068 ad
624 4013 775 4070 maximnm
796 4016 902 4084 expulit
924 4031 941 4071 a
967 4026 1075 4084 castro:
1128 4014 1216 4073 nostri
1241 4015 1333 4086 plures
1360 4012 1493 4084 petrarias
1521 4017 1669 4067 erexerunt
1697 4025 1705 4065 ι
1724 4016 1915 4064 verumtamen

289 4101 349 4174 lpse
362 4119 427 4160 sero
441 4120 504 4160 cum
519 4104 651 4174 ruptariis
661 4105 720 4161 suis
732 4105 761 4160 in
772 4106 954 4163 munitionem
968 4123 998 4165 se
1008 4111 1077 4165 reci·
1126 4107 1255 4181 quamvis
1267 4106 1402 4163 machinas
1415 4114 1517 4162 nosue
1531 4103 1660 4160 continue
1669 4100 1800 4171 jacerent,
1815 4099 1916 4156 domos

289 4195 385 4267 piens,
411 4195 631 4267 victualibusque
654 4195 871 4266 copiosissimis,
892 4199 1078 4271 omnibusque
1129 4217 1192 4275 qna
1208 4201 1237 4257 in
1247 4200 1399 4256 munitione
1409 4206 1488 4254 erant
1498 4195 1709 4264 confringerent,
1722 4207 1817 4248 muros
1828 4191 1915 4262 ipsius

288 4300 353 4358 qna
365 4287 400 4343 ad
413 4286 601 4344 defensionem
617 4289 774 4345 necessaria
789 4289 966 4358 ridebantur,
983 4295 1078 4349 muni·
1131 4294 1292 4350 nunnitionis
1316 4290 1495 4348 debilitabant
1515 4288 1542 4344 in
1567 4286 1676 4342 modico
1698 4292 1747 4340 aut
1771 4287 1799 4339 lo
1825 4284 1913 4342 nullut

289 4382 393 4437 donem
413 4380 501 4452 ipsam
514 4381 619 4452 optime
633 4381 771 4449 muniens,
785 4384 892 4454 pararit
907 4400 938 4442 se
950 4384 988 4441 ad
1010 4386 1079 4442 resi·
1130 4386 1197 4443 Erat
1210 4395 1301 4442 autem
1315 4392 1424 4455 tempus
1439 4383 1563 4438 aestiuum
1578 4388 1606 4434 ct
1619 4368 1915 4447 calidissimum,'circs

291 4472 420 4529 steodum
435 4489 444 4529 a
462 4473 537 4544 quod
562 4473 678 4531 audiens
704 4489 798 4531 comes
816 4483 922 4544 noster,
933 4478 1079 4548 proposuit
1129 4483 1229 4540 fatum
1243 4480 1367 4538 vindicet
1379 4478 1410 4535 ll.
1425 4476 1539 4532 loannis
1553 4474 1691 4544 baptiste.

291 4564 419 4621 obsidere
432 4565 511 4634 illud,
528 4567 576 4623 sed
591 4565 686 4622 babitu
699 4582 762 4623 cum
778 4567 837 4624 suis
852 4568 985 4635 consilio,
999 4570 1078 4641 prius
1164 4575 1220 4632 Nee
1234 4573 1370 4632 silendum
1389 4569 1527 4627 credimus
1547 4565 1621 4640 quod
1635 4579 1728 4622 comes
1739 4571 1915 4633 nomerpau·

290 4657 333 4714 lre
346 4657 432 4714 uoluit
453 4657 609 4729 Aginnum,
631 4668 661 4715 ut
679 4659 707 4714 io
731 4667 866 4732 potestate
877 4676 927 4718 sna
944 4663 1077 4733 reciperet
1129 4684 1177 4727 eos
1192 4666 1310 4724 babebat
1332 4662 1449 4727 milites,
1472 4660 1535 4716 licet
1550 4658 1652 4715 multos
1674 4655 1787 4712 baberet
1809 4654 1915 4725 pedites

281 4750 438 4808 'clriutem
454 4751 607 4809 assumens
631 4751 715 4825 igitur
729 4754 764 4810 de
788 4755 920 4811 militibus
941 4757 1078 4815 exercitus
1091 4723 1117 4786 υ
1130 4761 1298 4835 peregrinos.
1315 4754 1394 4813 llode
1415 4752 1590 4824 contingebat
1610 4748 1684 4821 quod
1704 4747 1813 4819 quoties
1828 4744 1916 4802 tronti

292 4858 387 4901 “cnm
402 4860 475 4917 <1⁰0³
488 4846 586 4913 l⁰¹l¹llt
601 4848 889 4919 narentanorum,
905 4850 1028 4907 exercitu
1048 4851 1078 4907 in
1129 4868 1214 4912 causa
1235 4847 1450 4923 impugnationis
1475 4845 1641 4902 accedebant
1663 4840 1697 4897 ad
1719 4839 1915 4905 munitionem,

280 4935 355 4993 -loro
368 4937 396 4992 in
410 4953 467 5009 quo
489 4949 550 4997 erat
570 4939 631 5011 ejus
647 4941 765 4996 redituro
784 4951 970 5012 exspectante,
984 4958 1079 5015 perse·
1130 4941 1370 5014 adversariisque
1382 4939 1480 4994 muniti
1491 4946 1571 4994 erant
1583 4934 1691 4992 etdocti
1705 4933 1739 4990 ad
1749 4932 1916 5003 praliunas

281 5028 1079 5106 ¹asinosqueAginnumlrouorlfceestsusceptus.Insuper
1129 5041 1244 5097 viriliter
1267 5032 1476 5094 defendentibus
1500 5045 1598 5103 partun
1619 5037 1668 5084 aut
1692 5027 1759 5082 nibil
1783 5023 1917 5096 proficere

290 5131 320 5178 et
335 5124 412 5181 cives
423 5125 622 5181 constituentes
634 5140 697 5181 eum
721 5126 866 5182 dominnm
892 5141 994 5192 sunto,
1009 5141 1080 5194 prte-
1129 5137 1264 5205 poterant.
1275 5126 1398 5196 Quadam
1413 5123 1458 5180 die
1470 5123 1553 5180 edam
1565 5135 1627 5178 cum
1641 5118 1729 5175 nostri
1742 5115 1916 5187 sepedictam

291 5216 360 5274 slito
371 5226 545 5274 sacramento
566 5217 725 5286 fidelitatis,
749 5217 922 5274 tradiderunt
939 5219 965 5275 ei
980 5218 1080 5274 civim·
1130 5223 1311 5282 munitionem
1333 5217 1510 5282 infestarent,
1531 5212 1669 5284 quoddam
1693 5208 1854 5281 repagulum
1882 5207 1918 5264 ds

290 5315 358 5365 tem.
373 5308 479 5378 Quibus
493 5309 623 5367 omnibus
638 5310 691 5366 rite
705 5312 834 5381 peractis,
843 5325 936 5367 comes
951 5309 986 5366 ad
998 5324 1080 5365 exer·
1130 5314 1212 5386 lignis
1233 5327 1314 5368 muro
1331 5309 1488 5381 proximum
1502 5307 1528 5360 vi
1546 5311 1687 5374 ceperunt,
1699 5301 1748 5357 sed
1764 5297 1917 5357 aduersarii

292 5402 378 5459 citum
412 5406 556 5472 remearit,
581 5414 703 5461 castrum
725 5403 759 5459 de
788 5403 879 5460 Penne
903 5403 1078 5460 obsessurus.
1130 5423 1180 5480 per
1190 5406 1307 5479 desuper
1320 5417 1442 5470 murum,
1457 5399 1639 5457 creberrimos
1651 5394 1755 5467 lapides
1771 5393 1918 5464 iacientes,

291 5497 372 5554 bano
397 5497 506 5555 llomioi
526 5500 607 5567 tals,
631 5496 747 5554 rrrNoo.
769 5496 853 5562 lunii,
869 5496 915 5553 die
938 5495 1080 5552 llomitrica
1131 5507 1242 5556 oomros
1263 5496 1355 5554 statim
1376 5509 1393 5549 a
1416 5491 1547 5564 repagulo
1564 5488 1637 5560 quod
1658 5494 1786 5558 ceperant
1809 5485 1919 5556 repule-

292 5588 419 5645 renimus
446 5589 481 5646 ad
505 5591 703 5647 destruendum
724 5599 846 5644 metrum
869 5585 980 5657 Penne,
1001 5584 1079 5653 illud,
1132 5599 1211 5659 runt;
1225 5567 1344 5660 cumquit
1365 5585 1453 5643 nostri
1478 5599 1508 5640 se
1532 5582 1559 5636 in
1584 5581 1722 5636 interiora,
1738 5578 1918 5648 recepissent,

282 5681 443 5750 ‘tdlllffllle
454 5678 583 5745 ”timidos
597 5681 748 5738 obsessuri·
764 5677 843 5751 llugo
856 5686 948 5735 aulem
966 5675 1080 5740 d'Allar.
1131 5689 1262 5738 exeuntes
1284 5675 1445 5743 adversarii,
1457 5674 1486 5730 io
1512 5674 1572 5744 ipso
1585 5673 1689 5729 ardore.-
1702 5669 1921 5728 dioi.xeniebaot

282 5772 345 5841 -qui
360 5780 420 5830 erat
431 5784 528 5831 eustos
541 5775 637 5842 castri,
650 5775 686 5830 de
699 5790 756 5845 quo
766 5787 850 5845 snpra
864 5770 1014 5844 tetigimus,
1036 5766 1082 5824 ri·
1132 5782 1163 5828 ut
1176 5772 1369 5829 comburerent
1380 5766 1523 5824 machinas
1537 5774 1656 5829 neuras,
1668 5763 1812 5820 afferentes
1822 5775 1919 5818 mcum

282 5864 363 5921 ‘dens
376 5867 643 5939 appropinquantem
654 5869 807 5924 exercitum
820 5865 1083 5939 signatorum,sect
1132 5865 1222 5937 ignem
1236 5872 1264 5921 et
1279 5861 1408 5934 stipulam
1432 5869 1461 5918 ct
1482 5869 1579 5916 retem
1603 5860 1638 5916 ad
1664 5856 1736 5930 ignis
1748 5854 1918 5912 incentivum

295 5958 434 6028 ruptarios
446 5974 514 6016 suos
528 5960 556 6017 in
569 5961 652 6017 rastri
670 5961 824 6018 munitione
839 5956 953 6030 reecpit,
974 5969 1023 6025 per
1036 5962 1081 6010 to·
1133 5957 1287 6016 ommsaria
1302 5963 1311 6009 r
1324 5954 1383 6022 ssd,
1398 5953 1503 6012 nostris
1518 5952 1639 6009 viriliter·
1652 5948 1854 6016 menarum
1870 5961 1920 6016 pe·

297 6057 356 6107 turn
370 6050 488 6126 burgum
509 6053 625 6115 inferius
644 6056 738 6128 ignem
762 6054 969 6114 mittensrerst
988 6057 1081 6108 auteur
1133 6045 1233 6107 trarias
1249 6053 1359 6106 norum
1379 6059 1434 6104 nou
1453 6044 1542 6105 solnm
1564 6039 1798 6113 combureremus
1816 6053 1869 6098 see
1882 6036 1919 6094 ad
