4350 6709
283 547 343 606 om
813 516 819 526 ’
870 548 1067 606 alunnum.
1087 578 1122 591 -
1140 549 1205 608 us.
1225 549 1269 608 vr.
1846 564 1899 620 aro

283 673 399 722 vantur.
416 662 484 720 flam
499 663 567 721 lotio
584 664 801 736 pavimentorum
813 673 856 722 est
869 666 976 738 signum
991 666 1072 721 lotio-
1084 673 1109 729 Α
1121 674 1148 722 ει
1159 665 1291 722 inchoans
1304 663 1421 733 Novum,
1434 668 1505 738 quod
1519 669 1609 726 decuit
1622 668 1680 726 fleri
1692 670 1719 726 ln
1732 671 1786 728 llue
1799 675 1902 745 quintas

284 756 333 814 uis
343 757 455 828 pedum,
469 767 496 814 et
511 757 578 812 lotio
590 757 690 828 pedum
703 771 746 816 est
766 758 875 830 signum
899 760 1072 818 remissionis
1123 757 1207 825 feriae,
1224 758 1384 814 adveniente
1397 771 1473 815 sexta
1485 760 1562 829 feria,
1577 777 1610 817 eo
1622 764 1695 833 quod
1708 765 1735 818 in
1754 766 1807 822 line
1819 770 1902 837 qnin-

283 856 474 920 peccatorum.
493 847 546 904 Sei
571 848 697 904 adhunc
720 865 829 906 sensnm
852 853 1073 923 evangelicarlo·
1122 851 1268 916 taeaetatis,
1282 859 1309 905 et
1322 851 1349 905 in
1364 852 1514 921 primordio
1525 863 1607 910 sextae
1617 854 1659 909 lex
1674 857 1764 922 duem,
1778 867 1804 912 et
1819 859 1904 913 Evan-

283 942 373 998 ticuis
395 950 470 998 recte
496 943 671 1014 praemittitur
692 943 826 1013 epistola:
844 943 1070 1013 Convenientr‘lus,
1122 942 1222 1011 galium
1230 943 1346 1012 sumpsit
1362 944 1568 1002 initiumliuuc
1577 947 1608 1001 iu·
1618 948 1819 1016 eccornpletur,
1828 951 1903 1020 quod

283 1034 334 1091 ubi
355 1034 513 1090 ostenditur
530 1035 647 1106 qualiter
669 1036 722 1092 hcc
745 1045 917 1093 sacramento
935 1037 1070 1106 lavamur,
1122 1031 1150 1084 in
1167 1031 1262 1086 elidem
1287 1041 1366 1087 antea
1388 1033 1566 1103 figurabaiub
1593 1035 1702 1106 (ιιιιιιῦθ
1716 1035 1817 1094 iudaeis
1839 1055 1903 1095 cum

284 1126 392 1183 seilicet
406 1127 432 1184 si
446 1127 654 1194 manducantes,
669 1143 724 1183 uon
746 1129 941 1186 manducemus
955 1138 982 1185 et
996 1130 1072 1185 biha-
1121 1125 1243 1196 lapidare
1258 1125 1423 1192 volentibus,
1438 1126 1523 1181 exivit
1544 1127 1578 1182 de
1597 1129 1698 1198 templo
1714 1138 1740 1184 et
1761 1132 1903 1188 abscondit

282 1234 349 1274 mus
365 1219 476 1290 indigue
489 1223 510 1274 ⁹.
525 1219 594 1274 lllud
608 1220 727 1275 validum
742 1220 903 1277 humilitatis
916 1224 1068 1293 exemplum
1121 1231 1150 1272 se
1162 1217 1197 1272 ab
1212 1218 1252 1273 eis
1268 1218 1300 1272 ¹⁶.
1317 1217 1393 1274 Tune
1412 1221 1483 1274 enim
1498 1220 1591 1288 exivit,
1606 1223 1715 1291 quando
1737 1238 1830 1279 corum
1855 1241 1902 1282 sa-

281 1317 417 1380 tanquam
432 1309 553 1366 haeredes
579 1318 606 1366 ει
627 1310 674 1364 lllil
688 1310 826 1367 memoriae
839 1313 1070 1379 commendantes,
1120 1310 1221 1365 crificia
1236 1311 1389 1381 dereliquit;
1405 1319 1470 1368 tunc
1486 1327 1515 1367 sc
1527 1313 1677 1379 abscondit,
1692 1330 1754 1370 cunr
1776 1319 1838 1372 novi
1854 1334 1901 1373 sa·

283 1401 320 1457 ad
335 1403 398 1473 ejus
408 1403 572 1472 exemplum,
586 1403 744 1457 mandatum
758 1403 785 1457 in
809 1402 940 1459 hodierna
956 1419 1070 1474 vespera
1120 1402 1215 1459 crillcfi
1231 1403 1314 1458 ritum
1330 1403 1457 1469 instituit,
1473 1404 1500 1458 in
1514 1420 1569 1475 quo
1583 1421 1598 1459 a
1614 1407 1770 1463 carnalibus
1790 1411 1901 1479 agnosci

284 1494 459 1550 celebramus
475 1494 628 1564 dupliciter.
643 1492 765 1549 Primum
786 1502 827 1550 cst
847 1495 1020 1565 praelatorum
1035 1498 1069 1552 ad
1120 1497 1250 1566 nequivit.
1268 1493 1349 1565 igitur
1368 1497 1431 1566 qrvia
1447 1511 1527 1552 verus
1549 1496 1669 1566 pontifex
1692 1500 1771 1555 hodie
1795 1502 1902 1556 sacrifl-

282 1586 423 1652 subditos,
436 1586 588 1640 secundum
600 1584 786 1655 quorumlihet
799 1586 832 1641 ad
845 1599 985 1656 pauperes.
997 1584 1069 1639 Cou-
1118 1585 1191 1641 cium
1206 1599 1301 1641 verum
1316 1596 1343 1643 et
1364 1601 1463 1640 novum
1486 1586 1615 1653 instituit,
1632 1586 1791 1658 florumque
1807 1588 1903 1645 Testa-

282 1684 339 1731 stat
351 1675 426 1745 qood
438 1674 557 1745 praelatis
567 1682 688 1743 potestas
702 1681 730 1727 ει
743 1673 884 1728 humilitas
897 1683 962 1729 sunt
973 1688 1069 1729 neces·
1119 1685 1240 1731 mentum
1261 1677 1319 1733 suis
1342 1675 1495 1731 haeredibus
1519 1677 1669 1732 moriturus
1692 1678 1824 1747 sauguine
1850 1695 1901 1734 suo

280 1765 512 1823 saria.l¹otestate
525 1779 592 1819 usus
603 1761 910 1832 estllonrirrus,quandc
920 1762 1025 1835 flagello
1035 1764 1069 1819 de
1118 1765 1291 1835 conseripsit,
1314 1765 1374 1820 iden
1398 1764 1469 1821 sicut
1493 1765 1534 1820 sol
1550 1765 1685 1821 interdum
1711 1767 1782 1821 inter
1798 1769 1901 1822 medias

281 1857 422 1914 resticulis
433 1855 516 1923 facto,
532 1856 612 1926 ejecit
644 1855 844 1911 nummularios
858 1856 892 1910 de
916 1858 1017 1927 terrnplo
1032 1857 1065 1912 ¹¹.
1118 1856 1231 1912 nebulas
1246 1857 1349 1925 rutilat,
1373 1856 1413 1912 sic
1437 1857 1521 1912 missa
1545 1857 1615 1912 inter
1637 1858 1729 1913 tristes
1752 1859 1834 1914 horas
1851 1875 1901 1914 ex-

280 1950 362 2006 llanc
376 1950 473 2004 indixit
488 1948 621 2005 Dominus
635 1949 814 2019 protoplasto,
834 1956 864 2003 ut
880 1948 1067 2004 dominaretur
1118 1951 1215 2018 sultat;
1232 1965 1295 2005 nam
1310 1951 1338 2005 in
1350 1951 1439 2007 medio
1452 1950 1568 2005 tristitiae
1582 1949 1638 2005 sola
1653 1952 1736 2006 missa
1752 1952 1901 2007 solenmem

279 2043 382 2116 bestiis
399 2051 479 2097 terras
492 2042 525 2098 ¹¹.
1083 2024 1106 2080 Β
1120 2052 1294 2110 concentum,
1308 2044 1454 2114 laetumque
1477 2043 1663 2100 ministrorum
1687 2054 1806 2100 meretur
1818 2061 1900 2101 orna·

319 2132 350 2187 Si
364 2146 429 2202 ergo
449 2132 551 2189 subditi
574 2131 676 2188 fuerint
700 2132 803 2188 similes
830 2133 935 2198 bestiis,
958 2142 1070 2194 utantur
1118 2146 1187 2203 tum,
1202 2151 1237 2191 ne
1250 2136 1315 2207 quid
1330 2135 1482 2192 venustatis
1495 2145 1590 2192 sancto
1610 2136 1746 2192 sacrificiu
1761 2137 1840 2205 desit,
1857 2146 1901 2192 ut-

279 2223 393 2290 baculo,
409 2231 437 2277 ει
450 2223 525 2293 virga
539 2222 652 2293 praelati.
667 2222 824 2279 liumilitnte
835 2239 903 2280 usus
919 2233 961 2280 est
974 2224 1069 2280 Domi·
1119 2237 1180 2299 pote
1205 2227 1233 2281 fu
1256 2227 1299 2282 die
1317 2243 1374 2283 suae
1390 2227 1569 2284 iustitutionis
1585 2247 1592 2282 :
1608 2237 1651 2284 εει
1672 2229 1744 2284 enim
1768 2229 1826 2284 dics
1848 2230 1900 2286 ista

280 2331 347 2381 uus,
363 2315 429 2369 dum
457 2316 524 2370 lavit
548 2316 630 2386 pedes
646 2316 855 2387 discipulorum,
876 2317 971 2373 dicens
992 2315 1069 2383 :Qut
1120 2318 1267 2374 solemnior
1280 2319 1355 2374 omni
1367 2318 1420 2373 alia
1431 2317 1612 2383 solemnitate,
1631 2319 1751 2387 exceptis
1771 2319 1900 2373 solemni-

280 2409 372 2479 major
383 2416 423 2464 ert
434 2416 558 2476 vestram,
572 2410 621 2477 piot
631 2410 798 2463 otiniatrutcr
809 2409 840 2462 ¹¹.
853 2408 980 2479 Cumque
988 2409 1069 2479 pedes
1118 2411 1221 2466 tutibus
1230 2409 1381 2478 'l’rinitntis;
1394 2424 1456 2464 nam
1469 2424 1564 2466 omues
1577 2409 1705 2476 ministri,
1717 2410 1764 2481 qui
1774 2421 1899 2480 possunt,

278 2516 380 2558 eorum
395 2501 516 2569 lavisset,
538 2501 623 2556 edidit
645 2502 685 2556 eis
709 2516 862 2557 sermonem
883 2502 1070 2572 splendidissi·
1120 2510 1208 2559 vestes
1221 2501 1430 2556 debenthabere
1452 2500 1598 2566 solemnes,
1614 2514 1668 2555 non
1691 2500 1778 2555 solum
1794 2502 1828 2556 ob
1852 2517 1899 2556 so-

281 2611 377 2660 mum,
407 2595 436 2649 iu
463 2609 519 2665 quo
542 2594 636 2650 sedule
663 2595 826 2666 repromittit
851 2593 981 2665 Spiritum
1005 2610 1070 2650 san·
1118 2592 1283 2647 lemnitatem
1300 2591 1361 2647 nori
1374 2591 1519 2658 sacrificii,
1529 2589 1576 2646 sed
1589 2591 1681 2657 etiarn,
1697 2592 1762 2662 quia
1782 2593 1900 2662 perditas

279 2695 358 2744 ctum
375 2686 407 2741 ¹¹.
426 2684 504 2742 Unde
526 2694 555 2742 ει
577 2703 627 2743 nos
647 2687 711 2743 lotis
735 2688 933 2759 discipulorum
955 2687 1069 2758 pedibus
1119 2683 1271 2740 sanctitatis
1283 2693 1372 2739 vestes
1384 2683 1727 2754 recuperautpoeniteutes,
1741 2685 1822 2740 sedet
1835 2701 1900 2740 carr·

278 2779 411 2835 mandem
431 2793 584 2835 sermonem
602 2779 717 2850 legimus
740 2780 782 2834 vel
801 2780 940 2847 audimus,
963 2781 1068 2851 signifi·
1119 2779 1173 2833 tica
1189 2777 1287 2834 laetitiae
1304 2786 1449 2832 cantantur
1463 2784 1491 2832 ει
1504 2777 1609 2848 gloriae,
1620 2786 1650 2833 ut
1663 2775 1755 2832 Gloria
1766 2779 1793 2831 iu
1812 2778 1900 2833 earet«

280 2880 380 2928 cantes
395 2871 470 2941 quod
485 2886 541 2927 uon
562 2872 615 2928 uisi
631 2871 693 2927 lotis
706 2880 735 2927 et
755 2872 865 2928 mundis
879 2872 965 2943 gratia
983 2871 1069 2943 Spiri·
1119 2872 1155 2926 sis
1180 2870 1245 2935 fleo,
1267 2885 1320 2924 nou
1335 2870 1424 2926 solum
1442 2869 1478 2925 oh
1497 2868 1694 2926 solemnitatem
1712 2870 1898 2936 Eucharistiae,

277 2971 326 3017 tus
338 2961 428 3017 sancti
449 2961 606 3027 confertum
631 2963 781 3019 secundum
806 2962 963 3019 nrandatum
980 2962 1069 3034 praell·
1118 2961 1166 3019 sed
1180 2963 1275 3030 etiam,
1287 2963 1351 3033 quia
1363 2963 1465 3020 chorus
1479 2961 1618 3031 angelicus
1636 2962 1736 3032 gaudet
1747 2962 1782 3018 de
1802 2978 1899 3018 recon-

280 3051 391 3120 guravit
414 3047 547 3105 Dominus
568 3051 597 3104 in
622 3049 742 3107 Sabbata
764 3053 942 3123 praecedenti,
958 3055 1068 3125 quando
1119 3054 1258 3110 efflatione
1282 3054 1489 3125 penitentium,
1511 3055 1546 3112 de
1568 3056 1696 3112 unctione
1720 3055 1898 3121 credentium,

279 3144 356 3199 venit
368 3142 540 3209 Bethaniam,
557 3151 585 3199 et
598 3142 683 3200 llaria
700 3146 778 3200 unxit
793 3147 873 3216 pedes
889 3146 965 3213 iesu,
984 3156 1011 3204 ει
1023 3164 1069 3204 ca-
1120 3160 1168 3215 per
1185 3159 1246 3216 quae
1268 3161 1320 3216 pax
1341 3144 1482 3202 confertur
1503 3146 1660 3202 homiuibus
1685 3146 1762 3202 bcnae
1776 3146 1900 3201 volunta-

277 3233 355 3304 pillis
369 3233 494 3299 extersit,
515 3242 542 3289 et
564 3234 674 3305 impleta
695 3245 737 3292 est
757 3236 856 3292 domus
872 3252 906 3294 ex
919 3239 1003 3294 odore
1018 3255 1069 3294 un·
1121 3239 1155 3292 tis
1180 3238 1211 3292 ¹¹.
1239 3235 1316 3293 Unde
1339 3237 1489 3293 secundom
1516 3246 1637 3294 uestram
1661 3238 1898 3302 consuetudinem,

279 3326 375 3398 guenti
390 3325 422 3380 ¹⁸.
436 3323 523 3382 Pedes
545 3341 647 3397 ungere
666 3336 707 3382 est
731 3342 864 3399 pauperes
887 3330 1104 3430 eleemosynisc
1120 3345 1173 3400 pax
1187 3329 1278 3397 datur,
1301 3329 1348 3385 scd
1372 3329 1520 3386 secundum
1542 3329 1620 3395 alios,
1638 3329 1671 3385 ad
1687 3330 1795 3386 tertium
1812 3331 1899 3400 dgnus

279 3415 392 3483 foverc;
418 3415 524 3486 capillis
543 3425 682 3496 extergere
703 3426 746 3474 est
766 3434 814 3475 eos
832 3420 975 3491 superfluis
1005 3422 1068 3477 relia
1121 3419 1180 3486 Dei,
1196 3434 1251 3475 neu
1277 3420 1377 3475 dicitur
1394 3419 1469 3474 dono
1488 3418 1561 3474 coiis
1580 3435 1680 3490 parem,
1705 3419 1753 3474 sed
1775 3418 1899 3474 Miserere

279 3521 366 3564 cere:
383 3507 467 3579 hujus
480 3508 601 3565 mandati
616 3511 712 3578 ligura.
727 3508 823 3565 llerito
837 3513 966 3581 praevenit
988 3513 1066 3581 illud,
1117 3512 1201 3576 uobis,
1218 3528 1268 3568 nee
1290 3527 1343 3583 psx
1357 3512 1453 3579 datur,
1469 3513 1534 3583 quia
1555 3510 1639 3568 iudas
1663 3512 1714 3567 hac
1729 3520 1808 3567 nocte
1823 3513 1898 3582 pacis

279 3600 321 3656 sie
336 3599 412 3654 enim
426 3600 555 3656 debemus
570 3600 661 3656 lavare
675 3601 756 3670 pedes
771 3602 1003 3674 eleemosynarum
1016 3620 1067 3660 un·
1117 3606 1212 3661 osculo
1227 3604 1336 3661 tradidit
1350 3605 1425 3660 illurn
1451 3604 1483 3671 ¹¹,
1505 3604 1552 3674 qui
1574 3612 1616 3661 εει
1632 3617 1696 3659 vera
1709 3619 1762 3673 pax
1783 3613 1811 3658 et
1833 3603 1898 3658 fecit

278 3701 394 3764 guento,
411 3701 440 3746 ut
454 3691 576 3749 lavemur
596 3707 612 3748 a
635 3691 763 3760 Domino,
778 3694 857 3765 cujus
878 3696 999 3752 mandati
1022 3698 1067 3753 lric
1118 3705 1234 3768 utraque
1247 3712 1331 3752 unum
1345 3697 1375 3751 ¹¹.
1392 3695 1446 3752 Sed
1467 3694 1559 3751 Gloria
1580 3697 1607 3749 in
1622 3695 1731 3751 eccelsia
1745 3704 1772 3750 ct
1795 3703 1899 3750 caeterae

278 3791 324 3838 est
336 3782 418 3839 crdo.
429 3779 510 3839 Prius
519 3797 617 3853 panem
633 3783 812 3853 comedimus,
824 3794 850 3840 ει
861 3800 993 3858 pauperes
1004 3788 1066 3844 iude
1118 3789 1303 3847 solemnitates
1326 3804 1379 3844 uon
1396 3789 1430 3844 ab
1444 3788 1516 3857 aliis,
1539 3789 1596 3845 nisi·
1606 3788 1641 3844 ab
1654 3788 1789 3859 episcopis
1803 3789 1897 3844 obser·

279 3870 434 3938 reficimus·
446 3872 573 3944 deinceps
587 3889 603 3929 a
617 3889 713 3932 meusa
731 3888 884 3948 surgentes,
900 3879 981 3949 pedes
999 3895 1068 3950 pau·
1118 3888 1225 3945 seritur,
1243 3879 1291 3950 atti
1312 3879 1365 3934 seli
1381 3878 1481 3935 habeut
1506 3878 1535 3936 iu
1557 3879 1696 3934 hodiernis
1719 3879 1898 3934 sacramentis

278 3978 379 4034 perum
394 3962 533 4035 lavamus;
549 3980 604 4038 quc
617 3965 700 4035 facto,
712 3969 747 4023 ad
762 3985 884 4025 mensam
894 3969 1025 4041 redimus,
1039 3980 1067 4028 ει
1115 3969 1312 4040 plenitudinem
1324 3969 1477 4039 potestatis.
1492 3968 1685 4026 Verumtamen
1707 3983 1757 4024 nec
1780 3970 1813 4024 ab
1837 3969 1898 4024 allis

278 4060 382 4114 iterum
398 4059 577 4128 comedimus,
591 4060 728 4117 relleimus
747 4072 774 4117 et
789 4062 934 4119 relicimur.
952 4063 1004 4120 scd
1018 4065 1066 4121 op.
1117 4055 1270 4111 Fteetomus
1282 4073 1377 4128 prauo,
1397 4072 1447 4114 nee
1462 4059 1551 4114 oratio
1573 4074 1654 4130 super
1663 4059 1793 4130 populum
1808 4058 1898 4129 profe·

275 4150 386 4220 jicitur,
409 4151 474 4221 quia
501 4151 554 4208 sub
578 4153 750 4208 anathemate
767 4165 932 4225 preceptum
955 4165 1007 4224 est,
1031 4173 1066 4214 ne
1117 4160 1223 4208 rantur.
1245 4149 1334 4208 liissae
1353 4167 1418 4209 vero
1443 4151 1560 4210 officium
1584 4161 1686 4209 nostrae
1705 4152 1898 4223 redemptionis

277 4241 344 4297 ideo
361 4240 497 4319 jejunium
520 4244 571 4300 bac
585 4245 629 4300 die
651 4244 791 4300 solvatur!
808 4245 969 4318 Respondeo
983 4267 991 4303 ι
1006 4247 1066 4305 Νοιι
1116 4244 1238 4300 continet
1254 4259 1390 4300 summam
1406 4256 1434 4301 et
1448 4244 1618 4316 mysterium.
1631 4242 1698 4300 Nam
1715 4243 1742 4299 iu
1758 4245 1898 4314 evangelio

278 4345 322 4391 est
348 4334 402 4390 hcc
424 4335 557 4406 jejunium
579 4334 713 4408 frangere,
736 4337 784 4393 sed
809 4353 916 4394 eoenam
941 4335 1065 4413 exemplo
1116 4337 1215 4409 legitur
1225 4336 1260 4393 de
1270 4338 1370 4408 pedum
1381 4337 1482 4393 lotione
1499 4337 1534 4405 ¹¹,
1557 4337 1584 4393 iu
1606 4336 1720 4408 epistola
1735 4337 1768 4392 de
1783 4350 1899 4404 corpore

278 4425 391 4482 Domini
407 4426 613 4497 interrumpere.
630 4426 707 4485 Unde
718 4442 769 4482 uec
783 4442 875 4484 mensa
892 4441 985 4500 parata
1005 4447 1066 4490 mo·
1115 4427 1217 4485 Christi
1233 4437 1260 4485 et
1276 4428 1408 4501 sauguine
1422 4429 1456 4498 ¹¹,
1469 4428 1498 4485 in
1510 4429 1622 4484 introitu
1635 4443 1700 4484 vcro
1720 4428 1754 4482 de
1771 4442 1854 4482 cruce
1864 4428 1897 4493 ¹¹,

277 4523 370 4582 vetur,
387 4512 452 4570 hinc
466 4515 645 4574 inolevitmcs
659 4522 818 4584 canonicus,
834 4530 863 4576 ut
875 4537 937 4577 eum
950 4524 1065 4580 manda·
1115 4517 1144 4574 in
1170 4518 1294 4592 graduali
1305 4520 1339 4578 de
1356 4529 1444 4577 morte
1465 4521 1499 4588 ¹¹,
1520 4520 1548 4575 in
1569 4520 1704 4576 offerenda
1718 4521 1751 4576 de
1773 4535 1898 4575 resurre-

277 4615 341 4661 tum
355 4605 503 4676 celebrant,
516 4608 604 4679 primo
619 4611 648 4666 iu
668 4612 828 4671 claustrales
845 4614 976 4685 officinas,
998 4633 1065 4688 pau·
1116 4613 1206 4671 ctione
1228 4615 1261 4669 ¹¹.
1287 4612 1356 4669 Nam
1382 4613 1552 4670 haecomnia
1575 4613 1725 4670 seeundum
1752 4613 1898 4684 mysticum

276 4712 361 4769 peres
374 4697 558 4769 introducant,
579 4702 614 4758 ad
630 4704 784 4761 convivium
801 4707 984 4777 discumbant,
1000 4725 1062 4765 eos·
1079 4733 1102 4790 D
1117 4718 1226 4760 sensum
1237 4722 1270 4761 ex
1280 4704 1435 4776 Evangelio,
1450 4704 1522 4775 quod
1532 4712 1573 4760 cst
1585 4712 1666 4775 caput
1676 4701 1756 4758 oflicii
1768 4703 1896 4772 perrdent.
1927 4758 1929 4764 ,

276 4805 335 4864 que
348 4791 513 4851 sufficienter
528 4796 666 4867 refleiaut;
684 4799 811 4857 nimirum
826 4800 952 4860 Christus
965 4804 992 4859 iu
1009 4805 1063 4864 illis
1115 4796 1255 4852 Christum
1269 4799 1353 4863 enim,
1366 4806 1395 4851 ut
1406 4795 1591 4867 praediximus,
1608 4807 1719 4850 scaena
1734 4807 1844 4864 surgere
1855 4799 1899 4846 est
1925 4786 1930 4858 j

275 4885 441 4956 suscipitur,
457 4887 484 4942 io
498 4885 668 4957 bethaniam,
681 4889 708 4947 id
721 4893 803 4948 estin
816 4893 1064 4950 domumchedien·
1083 4896 1085 4898 ’
1115 4890 1149 4945 ab
1163 4888 1289 4944 aceubitu
1312 4886 1401 4942 Patris
1414 4886 1527 4954 venire·;·
1537 4885 1696 4940 vestimenta
1709 4883 1854 4953 deponere,
1868 4898 1898 4939 se

276 4975 336 5045 ιιι,
350 4977 379 5032 iu
395 4993 449 5049 qua
459 4978 591 5038 hominm
603 4983 729 5054 epulatur
739 5000 803 5041 cum
816 4984 912 5053 Marta,
925 4976 1063 5057 (μων.
1114 4979 1257 5036 exinanire
1279 4979 1321 5046 ¹⁸;
1345 4979 1458 5033 linteum
1472 4975 1656 5047 praecingere,
1683 4972 1799 5030 formam
1825 4972 1897 5030 servi

275 5083 378 5142 genta
394 5086 483 5141 eoeua,
495 5073 562 5130 lavit
576 5075 658 5146 pedes
667 5075 742 5133 lesu:
758 5079 799 5134 sic
811 5094 941 5149 pauperes
951 5080 1064 5151 epulan·
1115 5070 1237 5142 accipere
1257 5069 1294 5138 ’⁶;
1317 5084 1417 5141 ¹¹¹luam
1433 5071 1460 5124 ¹¹¹
1483 5068 1581 5139 fellisti
1603 5067 1719 5134 misterii,
1736 5066 1895 5138 ⁵2¹¹K¹¹¹¹¹¹³ffl

275 5170 335 5230 tur,
350 5161 553 5238 imcllcminus
563 5166 591 5222 in
605 5170 783 5240 pauperibus,
793 5187 857 5226 cum
871 5171 1062 5227 filiacontcm·
1115 5179 1195 5222 suum
1204 5161 1369 5231 *munitam
1394 5163 1476 5234 pedes
1500 5163 1601 5226 lilasi,
1616 5169 1728 5231 leci¹¹¹¹
1741 5159 1880 5214 ‘imiimi

273 5252 410 5325 piscionis
422 5254 584 5316 effundentis
597 5259 626 5316 in
641 5275 689 5318 ως
701 5261 798 5318 limam
814 5266 954 5334 unguetur,
975 5264 1003 5320 jd
1020 5274 1062 5321 0⁶2
1112 5254 1197 5312 linteo
1208 5265 1357 5327 extergere,
1369 5253 1505 5325 passionis
1518 5251 1569 5308 lide
1580 5252 1725 5318 mundare,
1736 5251 1897 5306 vestimenta

274 5344 459 5400 intentionem
481 5347 660 5424 eleemosyna
682 5353 802 5409 suaviter
825 5370 918 5409 coram
945 5354 1062 5412 Domino
1113 5364 1262 5414 resumere,
1277 5357 1324 5404 εει
1334 5355 1437 5404 vestem
1452 5346 1579 5416 gloriosae
1591 5343 1684 5400 caruis
1698 5341 1819 5397 iuduere.
1843 5339 1898 5397 lte·

272 5435 438 5495 redolentis.
453 5437 538 5496 lfodie
552 5457 661 5515 quoque
671 5460 784 5501 cranaus
797 5445 928 5503 hominus
941 5464 1005 5504 cum
1020 5448 1062 5503 (ιι.
1112 5455 1174 5496 rum
1188 5439 1357 5506 recumbere,
1372 5445 1414 5494 est
1428 5435 1575 5494 ascendere
1590 5442 1619 5490 et
1640 5433 1668 5488 in
1690 5433 1829 5517 dexteram
1844 5430 1895 5487 boi

271 5526 410 5600 scipulis,
430 5533 619 5605 posttypieum
642 5551 752 5608 agnum,
768 5537 879 5594 tradidit
900 5539 940 5593 eis
960 5553 1061 5610 eorpus
1113 5531 1207 5587 sedere
1222 5532 1256 5598 ¹⁷,
1267 5530 1301 5586 ad
1314 5530 1372 5585 haee
1384 5530 1501 5599 pertinet
1514 5523 1670 5591 offerenda;
1687 5521 1836 5594 discipulos
1847 5521 1898 5577 do·

271 5630 303 5679 st
316 5624 481 5697 unguium
499 5642 580 5684 suum
596 5630 618 5662 ¹¹
647 5629 840 5687 detractantem
855 5630 1060 5688 Testamentum
1113 5638 1184 5689 cere,
1199 5631 1241 5680 est
1261 5622 1306 5679 eis
1319 5621 1592 5693 Spiritunssauetum
1606 5618 1714 5673 micare
1730 5618 1761 5671 ¹¹.
1782 5615 1895 5672 Verum-

311 5867 440 5927 ¹·lCor.
471 5872 514 5927 ll.
567 5874 589 5907 ¹⁰
614 5872 693 5931 Jcan.
719 5875 757 5942 23
793 5873 889 5932 blatth.
919 5875 965 5932 ιι.
1015 5877 1035 5908 ¹¹
1056 5874 1124 5933 Gen.
1146 5879 1172 5931 l.
1226 5874 1334 5930 ¹¹·huc.
1368 5875 1412 5930 ιι.
1465 5874 1487 5906 ¹¹
1505 5872 1584 5928 lcarr.
1620 5872 1664 5927 lt.
1709 5869 1891 5926 ”icamlb

272 5936 412 5997 “ilmth
435 5942 481 6000 26.
538 5939 560 5979 ¹⁸
589 5944 668 6001 ioan.
685 5947 712 6003 8.
752 5947 772 5978 ¹¹
807 5946 873 6002 Luc.
904 5948 932 6002 ι.
973 5946 994 5979 ¹¹
1026 5946 1187 6004 itanum.
1226 5945 1413 6018 ”Ephesi
1451 5943 1638 6000 ¹¹icau.f3.
1676 5939 1728 5997 ¹¹l
1755 5939 1818 5999 Ger.
1846 5941 1890 5998 lt.

272 6009 379 6068 ”liat
409 6011 437 6071 f.
474 6017 498 6050 ¹¹
527 6015 597 6073 Phil.
626 6016 653 6071 ι.
690 6018 714 6052 ¹¹
732 6016 803 6074 Psal.
827 6018 884 6073 tlt.
905 6019 946 6097 ¹¹⁸
962 6016 1033 6076 Phil.
1051 6018 1079 6075 9..
1118 6016 1233 6076 ¹⁸fbt'ti.
1270 6019 1291 6053 ι’
1312 6015 1393 6076 fiehr.
1414 6017 1440 6074 f.
1471 6015 1501 6101 ¹¹¹
1520 6015 1580 6070 ιιι.
1599 6013 1626 6072 2.
