4350 6709
172 376 185 839 l

861 563 1027 621 utuntur.
1046 594 1083 608 -
1101 563 1167 619 tio.
1188 563 1199 619 l

779 850 1311 1067 stoloni

523 1188 1114 1306 CRElllONENSlS
1165 1190 1550 1312 EPISCOPI

615 1414 618 1419 ·
753 1429 1305 1635 urrunnu

252 1832 357 2061 ll
406 1829 764 2065 llllltll
809 1830 1471 2074 lllllllllllltl
1517 1836 1815 2072 lllll.

299 2158 382 2221 (Nono
392 2158 497 2221 pomum
507 2158 533 2206 in
544 2158 626 2207 lucent
638 2158 721 2219 prodit
731 2158 801 2219 Juxta
812 2157 980 2219 apographum
990 2155 1055 2218 qrrod
1067 2159 1208 2206 asservatur
1222 2159 1246 2206 in
1261 2157 1413 2210 bibliotheca
1424 2162 1521 2211 comitis
1539 2161 1570 2212 de
1584 2162 1772 2227 l'Escttortm.)

685 2400 1030 2495 PROOEMIUM
1065 2398 1384 2494 tutionis

254 2576 372 2630 Divitem
386 2575 558 2645 prudentem,
570 2574 617 2644 qui
632 2574 803 2630 necessarios
816 2588 881 2630 suos
900 2572 934 2628 ad
956 2585 1011 2627 eoe·
1027 2578 1050 2632 Α
1064 2587 1115 2628 nos
1129 2573 1192 2628 licet
1206 2572 1358 2630 imitatores
1378 2573 1482 2648 indigni
1495 2576 1614 2648 penitus,
1636 2586 1664 2633 et
1687 2577 1848 2647 imbecines,

222 2687 281 2726 nam
299 2670 417 2724 inuitare
430 2662 557 2735 ¹voluerit,
571 2664 743 2724 cenaculum
764 2678 792 2723 et
806 2665 928 2723 officinas
945 2681 1011 2721 eon·
1061 2672 1151 2719 tanuen
1160 2664 1193 2720 ad
1207 2663 1309 2720 cultrum
1318 2664 1447 2736 paradisi,
1457 2667 1490 2722 ad
1502 2677 1702 2724 sacramentum
1710 2670 1849 2742 baptismi,

222 2771 329 2816 struere
341 2760 480 2825 convenit,
503 2767 530 2814 et
558 2773 668 2824 ornare,
692 2758 818 2814 utensilia
847 2771 1010 2828 preparare,
1061 2754 1095 2808 nd
1108 2770 1215 2811 coerrom
1226 2757 1344 2824 Domini,
1357 2773 1417 2830 que
1429 2757 1456 2813 in
1468 2756 1588 2815 Ecclesia
1599 2768 1664 2816 sunt
1675 2760 1849 2831 celebrande,

221 2853 364 2907 ministros
379 2851 530 2918 instituere,
546 2849 816 2913 restibusdeeorare,
833 2849 942 2904 demum
954 2848 1012 2904 sin·
1061 2845 1161 2904 iratres
1183 2858 1210 2905 et
1224 2849 1294 2904 lilios
1321 2849 1473 2915 invitaturi,
1499 2850 1575 2921 prius
1589 2851 1623 2907 de
1638 2849 1770 2922 Ecclesia,
1788 2869 1851 2925 quas

220 2942 282 3013 gula
304 2941 404 3006 ollieia,
420 2940 535 3010 singulis
549 2940 689 3011 assignare
713 2940 857 2998 ministris.
872 2938 918 2996 Sic
935 2939 1012 2996 dives
1061 2940 1189 3009 paradiso
1199 2949 1312 3007 etarcae,
1324 2941 1455 3013 grandive
1464 2942 1851 3002 coenaculoessimilaturaedi·

219 3038 272 3104 ille,
290 3036 336 3092 cui
352 3038 446 3090 omnia
460 3032 591 3099 serviunt,
606 3036 632 3089 iu
643 3031 886 3106 principiocreavit
899 3031 1010 3098 coelum,
1062 3029 1347 3100 licenda,ornandn,et
1358 3035 1519 3090 utensilibus
1528 3035 1715 3106 ejusagcmns.
1723 3034 1850 3094 Secundo

217 3140 243 3184 et
257 3139 374 3194 terram,
390 3143 476 3191 nuere,
492 3135 519 3184 ct
534 3126 626 3182 omnia
648 3141 710 3198 quae
728 3127 756 3181 in
782 3121 824 3181 eis
849 3132 914 3181 sunt
937 3126 957 3191 ¹,
983 3132 1012 3180 et
1061 3122 1095 3180 de
1107 3121 1288 3192 institutione,
1302 3133 1329 3179 et
1339 3125 1471 3194 vestibus,
1490 3134 1518 3181 et
1536 3126 1630 3181 babitu
1648 3127 1863 3194 ministrorum·

216 3218 317 3274 mundi
332 3218 460 3274 machina
476 3233 537 3272 cum
553 3217 738 3274 mundialibus
750 3215 892 3281 fabricata,
907 3215 1011 3271 lorme·
1061 3217 1144 3272 tertio
1160 3217 1195 3274 de
1213 3217 1308 3274 officiis
1323 3218 1493 3284 eorumdem,
1508 3226 1606 3289 quarto
1618 3218 1651 3274 de
1666 3219 1762 3275 ordine
1788 3219 1850 3276 o!-

216 3313 256 3368 rit
275 3312 418 3367 hominem
429 3312 463 3367 de
475 3310 541 3366 limo
557 3318 646 3378 terroe,
657 3319 684 3366 et
694 3309 835 3381 inspirarit
847 3308 872 3366 ei
887 3310 1011 3382 spiracu-
1061 3311 1178 3375 ciorum,
1191 3325 1252 3382 quee
1263 3325 1318 3367 non
1333 3310 1422 3366 solum
1436 3324 1549 3381 ponere,
1560 3309 1607 3366 sed
1620 3311 1701 3367 etiam
1730 3311 1850 3370 intenui-

217 3404 273 3458 lum
287 3411 364 3469 utae,
378 3410 406 3457 et
423 3398 516 3471 posuit
527 3415 590 3455 eum
606 3398 633 3454 in
646 3400 776 3470 paradiso
787 3398 945 3470 voluptatis,
967 3414 1011 3455 es·
1060 3419 1123 3460 mus
1133 3403 1167 3459 ad
1180 3419 1298 3476 unguem
1309 3418 1454 3474 exponere,
1466 3402 1652 3460 institutiones
1663 3404 1849 3474 singulorum,

218 3497 332 3567 signans
344 3495 406 3565 ejus
417 3492 503 3549 victui
517 3491 712 3564 umneliguum
725 3491 869 3564 pulchrum
892 3491 964 3560 risu,
984 3500 1012 3548 et
1060 3502 1089 3551 et
1105 3508 1204 3551 censos
1221 3492 1381 3564 adjicientes
1405 3490 1621 3549 institutionum.
1647 3480 1742 3549 Sed'in
1757 3495 1851 3553 crusis

218 3590 251 3644 td
261 3588 431 3644 vescendum
447 3600 544 3652 suave,
557 3583 765 3656 preterlignum
777 3583 971 3640 scientiaeboni
984 3593 1012 3641 et
1060 3587 1259 3660 prosequendis
1274 3587 1399 3642 lbrtassis
1421 3595 1565 3643 auctorum
1588 3595 1694 3643 mentes
1706 3588 1849 3656 excedam,

218 3681 282 3736 mali
296 3682 323 3747 ¹;
338 3694 457 3750 cumque
468 3677 530 3733 finis
543 3678 676 3733 uniuerso
686 3675 777 3733 cernis
789 3676 908 3733 venisset
918 3690 1010 3733 eorem
1060 3697 1116 3737 non
1130 3690 1219 3736 tamen
1231 3679 1267 3734 ob
1280 3679 1432 3747 bocnelox,
1443 3681 1598 3736 utaemulus
1612 3679 1791 3735 calumniator
1802 3695 1850 3736 er·

218 3788 272 3842 eo;
286 3774 354 3844 quia
367 3782 442 3828 terra
457 3770 546 3828 lueret
556 3770 698 3842 iniquitate
708 3767 820 3841 repleta,
844 3770 878 3826 nd
891 3769 1010 3826 semina·
1060 3779 1133 3846 guel,
1147 3785 1192 3827 me
1205 3769 1357 3844 perniciose
1365 3769 1507 3841 scripsisse
1518 3788 1525 3838 ;
1535 3769 1599 3841 quia
1609 3769 1851 3841 dicitllugustinus

219 3867 290 3921 rium
310 3863 440 3922 secunde
452 3864 568 3934 originis
578 3864 807 3934 conservandum,
829 3880 923 3921 arcem
937 3862 963 3921 ei
977 3864 1011 3920 do
1060 3863 1088 3918 in
1099 3861 1170 3919 libro
1182 3861 1221 3917 De
1243 3859 1366 3915 doctrina
1380 3860 1579 3917 cnrttttana':
1599 3861 1628 3917 Si
1646 3862 1708 3934 quis
1721 3863 1749 3919 in
1772 3861 1850 3919 Seri-

217 3955 300 4027 lignis
314 3955 451 4026 levigatis,
467 3963 493 4010 et
508 3955 723 4028 imputribilibus
736 3955 806 4024 lieri,
820 3964 847 4013 et
861 3956 888 4012 in
903 3971 964 4014 eam
976 3971 1010 4012 er
1024 3924 1047 3981 B
1061 3956 1150 4028 pturis
1160 3955 1234 4011 eliud
1249 3953 1341 4021 sentit,
1353 3968 1436 4025 quem
1452 3955 1497 4011 ille
1508 3955 1556 4025 nui
1567 3957 1686 4027 scripsit,
1696 3971 1747 4013 nec
1757 3956 1852 4028 perni-

217 4048 350 4104 omnibus
360 4048 442 4114 escis,
454 4064 513 4119 qure
524 4048 615 4104 mendi
625 4057 749 4119 possunt,
761 4056 792 4103 ut
802 4056 893 4104 essent
907 4048 1012 4120 ingres·
1061 4049 1136 4105 close
1151 4046 1265 4112 lallitur,
1280 4048 1452 4104 necomnino
1463 4047 1609 4114 mentitur;
1624 4046 1648 4103 si
1671 4055 1761 4102 tamen
1780 4045 1852 4102 lulli·

218 4139 294 4194 suris
311 4141 342 4194 in
356 4140 471 4207 rictum,
486 4141 652 4211 comportari
665 4140 686 4206 ⁸,
697 4149 724 4196 et
737 4137 795 4195 Noe
817 4154 881 4196 oum
895 4139 954 4195 suis
969 4139 1011 4194 in·
1062 4147 1107 4195 tur
1116 4154 1148 4194 ea
1160 4138 1304 4202 sententia,
1316 4151 1377 4209 quoe
1387 4136 1502 4192 edificat
1514 4136 1733 4202 charitatemite
1748 4135 1851 4192 lollitur

218 4241 293 4285 trare
308 4233 437 4303 proecepit
449 4232 469 4288 ⁸.
482 4232 611 4305 Magister
624 4220 705 4290 ctiam
719 4240 814 4289 noster
825 4232 890 4288 dum
910 4233 937 4289 in
956 4242 1011 4290 ter·
1060 4238 1092 4285 ut
1102 4228 1149 4302 qui
1163 4244 1257 4286 errore
1269 4227 1370 4284 deserit
1383 4228 1467 4295 viam,
1479 4226 1527 4284 sed
1541 4241 1574 4283 eo
1584 4241 1633 4297 per
1646 4241 1740 4296 agrum
1750 4227 1849 4298 pergit.

218 4324 258 4378 ris
274 4324 354 4378 risus
366 4333 419 4390 est,
430 4325 691 4383 etcumlrominibus
701 4324 1010 4394 conversatus⁸,volens
1060 4337 1116 4393 orto
1129 4322 1173 4378 viu
1184 4322 1229 4377 ille
1242 4320 1375 4392 perducit,
1387 4320 1411 4376 si
1420 4320 1464 4375 via
1475 4326 1560 4391 patet,
1583 4318 1771 4388 corripiendus
1785 4325 1850 4385 cst;

220 4433 284 4472 rum
305 4416 506 4475 iratribussuis
527 4427 555 4475 et
579 4419 722 4491 discipulis
746 4419 897 4476 secundum
921 4418 1009 4492 legem
1060 4415 1139 4470 siria
1156 4415 1231 4479 latet,
1252 4412 1392 4469 docendus
1417 4421 1459 4469 est
1481 4411 1552 4467 riom
1573 4425 1630 4467 non
1652 4410 1787 4477 deserere,
1815 4423 1850 4466 no

219 4510 367 4564 comedere
379 4518 490 4580 pascito,
506 4511 577 4566 dixit
597 4512 650 4568 illis
666 4511 726 4568 :lte
751 4511 780 4567 ln
806 4512 954 4578 civitatem,
983 4521 1012 4570 ct
1060 4507 1258 4564 cousuetudine
1280 4505 1406 4563 deviandi
1421 4514 1534 4579 cogatur
1549 4504 1577 4559 in
1600 4513 1787 4561 transversum
1807 4500 1850 4559 vel

218 4611 351 4655 occurret
364 4601 438 4656 robis
449 4602 543 4670 homo,
552 4604 712 4672 amphorem
724 4619 802 4675 aquae
816 4604 952 4675 bajulans,
965 4620 1010 4661 se-
1053 4614 1218 4674 ·perversum
1234 4599 1274 4672 ire
1287 4618 1296 4669 ;
1311 4614 1373 4656 cum
1388 4614 1454 4671 ergo
1469 4604 1614 4655 auctorum
1626 4597 1706 4652 cilicii
1717 4587 1851 4652 ¹consilia·

218 4692 337 4762 quirnini
353 4709 414 4748 eum
427 4709 593 4765 quocunque
606 4696 752 4764 introierit,
763 4705 790 4752 et
801 4696 882 4752 dicite
897 4695 1012 4768 patrita·
1061 4695 1121 4750 rius
1135 4709 1189 4748 non
1201 4682 1369 4759 exstiterim,
1386 4705 1541 4747 neccorum
1559 4697 1664 4746 mentes
1676 4688 1792 4744 liberum
1807 4697 1851 4744 est

218 4785 324 4853 milias,
340 4796 371 4841 ut
385 4787 566 4847 diversorium
574 4789 652 4847 vobis
666 4789 795 4861 assignet,
808 4789 855 4844 ubi
880 4790 1012 4861 magister
1061 4786 1178 4842 ulterius
1193 4784 1334 4857 indagare,
1352 4783 1568 4850 licetexcederc,
1585 4781 1652 4838 libet
1663 4780 1690 4835 in
1704 4780 1748 4837 his
1764 4780 1850 4836 etiem

218 4892 282 4934 cum
300 4879 444 4951 discipulis
457 4883 560 4954 puscbn
573 4883 728 4948 manducet,
740 4882 787 4954 qui
803 4883 927 4939 ostendet
933 4881 1010 4939 vobis
1061 4896 1218 4955 peragrare,
1232 4881 1297 4937 dum
1314 4891 1404 4936 mmen
1415 4894 1549 4936 excursus
1559 4874 1765 4933 asdilleandaesit
1775 4875 1849 4934 utilis

219 4973 396 5028 cenaculum
415 4977 517 5046 pande
531 4984 659 5043 stratum,
673 4984 700 5031 et
714 4976 752 5032 ibi
767 4983 863 5047 parato
875 4975 896 5032 ⁸.
924 4975 970 5032 Sic
982 4984 1010 5032 et
1061 4976 1197 5032 charitati.

259 5107 393 5165 ¹Gemi.
432 5112 577 5169 ’oens
617 5114 711 5171 ⁸Gen.
732 5115 759 5172 6.
796 5116 894 5173 ‘Gen
912 5117 937 5171 7.
976 5115 1168 5173 'Barnebtl
1209 5112 1524 5181 ‘marcumunes
1572 5104 1846 5180 'Lib.rt,cap.36·

223 5210 1853 5245 ————---...-.-..-....-..........-.----·

817 5320 1001 5412 LIBER
1035 5317 1284 5409 PRIMUS.

524 5467 566 5522 DE
585 5468 765 5526 ECCLESIAE
784 5469 1050 5537 moritoniiottts,
1070 5467 1214 5525 ORNATU
1232 5465 1277 5522 ET
1298 5467 1541 5525 urunsttleus

479 5642 592 5708 CAPUT
606 5648 750 5712 Plilllllll.
1023 5676 1046 5734 c
1061 5656 1148 5714 mett.
1164 5654 1261 5712 »lieet
1273 5655 1450 5726 ubiquelieus
1459 5668 1573 5725 magnus
1582 5651 1609 5708 in
1621 5652 1759 5720 eremo,in
1771 5667 1847 5708 omni

415 5759 448 5800 us
461 5759 653 5802 msrrrortons
669 5762 813 5805 contusis.
1061 5750 1124 5806 loco
1131 5747 1325 5806 dominationis
1335 5744 1688 5819 ejus⁸,bencdieipossit,et
1698 5743 1794 5800 debent
1805 5742 1849 5797 in·

254 5835 599 5894 ‹luccclesiisbencdicite
609 5837 665 5896 lieo
676 5838 831 5899 Dominode
843 5840 963 5900 lontibus
973 5835 1010 5900 ls·
1062 5843 1239 5915 astartium
1257 5851 1359 5911 temen,
1380 5847 1533 5912 opportuno
1549 5846 1682 5908 tempore,
1699 5835 1848 5892 curritura

251 5991 355 6051 mat.
369 5992 415 6050 bl.
452 5991 551 6052 ’l'sal
573 5997 633 6056 {02
