4350 6709
228 451 284 512 tta
941 446 1155 513 cuubutcolt.
1810 459 1862 519 tit

228 563 298 623 Ossa
313 566 387 624 batti
396 567 555 640 Augustini,
568 582 632 625 cam
653 561 802 626 Sarrac'eni
823 569 940 628 luissent
955 570 1021 627 Sar·
1035 579 1058 636 A
1073 587 1162 643 equus
1177 572 1257 631 stetit
1271 571 1435 644 immobilis;
1449 575 1567 649 ideoque
1581 577 1658 637 misit
1669 579 1739 637 alios
1748 594 1863 640 centurn

228 658 335 715 diniam
349 661 519 733 depopulati,
538 664 677 719 transtulit
698 661 724 718 in
739 662 876 732 Ticinum,
890 675 918 721 et
936 666 1021 722 collo·
1071 665 1186 731 solidos,
1198 677 1225 722 et
1238 667 1278 722 sic
1292 684 1380 738 equus
1395 678 1506 727 secutus
1521 680 1571 739 est,
1590 672 1664 729 unde
1686 672 1863 735 chlodoveus

227 753 302 807 carit
316 767 348 808 ea
360 752 387 807 in
403 755 518 810 eeclesia
533 754 625 811 Sancti
639 755 712 811 Petri
727 757 762 811 ad
785 755 879 812 Velum
894 773 1021 825 aureum,
1070 761 1133 815 ait:
1155 759 1268 816 Souctua
1294 761 1427 819 liertinus
1452 772 1491 818 est
1517 765 1599 820 bonus
1623 766 1788 833 auxiliator,
1812 769 1859 826 sed

227 859 313 911 quam
329 844 388 916 ipse
401 847 565 903 construxit.
578 846 735 903 AEdihcarit
746 857 875 919 praterea
888 850 915 905 in
929 859 1022 907 rnonto
1071 853 1168 909 cherua
1191 859 1350 928 rrepotietor.
1366 858 1455 929 liuJus
1467 859 1617 916 chlodovei
1636 861 1693 928 lilii,
1709 874 1821 933 nepotes
1835 874 1863 922 et

227 934 530 995 Bardorris·eeclesiam
555 939 672 997 Bereert.
696 940 725 996 ln
746 938 853 998 Olonna
875 943 1021 999 ecclesiam
1070 957 1235 1018 pronepotes
1255 961 1349 1020 postea
1373 961 1568 1022 reptaret-unt,
1586 953 1692 1009 scilicet
1714 954 1863 1015 Lotbarius

227 1027 489 1088 SanetiArrastasii.
513 1031 542 1088 ln
567 1034 827 1104 palatioecclesiam
850 1036 944 1092 Sancti
960 1036 1021 1091 Sal·
1070 1037 1144 1092 lilius
1156 1038 1227 1108 ejus,
1243 1047 1269 1095 et
1283 1041 1332 1095 itit
1343 1043 1404 1111 ejus
1420 1042 1554 1107 Lotharii,
1568 1043 1617 1114 qrri
1631 1060 1745 1116 regnatur
1761 1048 1862 1104 divise·
1953 1059 1961 1067 ‘

226 1123 344 1188 ratoris,
363 1125 410 1181 ubi
426 1125 543 1182 clericos
568 1127 702 1195 instituit3
726 1136 754 1183 et
777 1128 818 1184 sic
839 1144 889 1199 per
912 1129 1021 1201 singula
1072 1136 1145 1184 runt.
1171 1130 1315 1187 Aribertus
1340 1130 1474 1200 Parisios,
1501 1131 1671 1191 Guntramus
1695 1134 1874 1204 Aurelianis„

226 1237 345 1292 quaeque
359 1222 428 1289 laea,
443 1223 470 1277 in
486 1223 587 1294 quihus
609 1224 707 1296 elegere
723 1225 840 1280 releher,
858 1224 953 1280 Tenere
969 1223 1022 1281 suit
1071 1214 1227 1288 liilpericus
1245 1219 1373 1288 Senouis,
1390 1203 1562 1292 Siclripeuus
1573 1221 1652 1277 lteris
1665 1222 1794 1278 obtinuit.
1808 1221 1863 1279 Sed

226 1315 370 1384 sapientire
395 1315 469 1386 qued
494 1317 582 1386 magis
599 1317 756 1372 eerrhdeher
780 1319 807 1372 r„
836 1319 1019 1387 operientem,
1072 1307 1106 1362 ad
1126 1318 1229 1366 tantam
1254 1311 1469 1368 imbecillitatem
1493 1314 1720 1383 rogcsdcrenere
1741 1312 1862 1370 Franco·

227 1422 312 1476 quarn
329 1406 357 1461 ln
372 1409 467 1462 armis.
485 1406 565 1464 Paete
585 1409 638 1464 suh
656 1419 764 1466 amaror
779 1412 825 1481 qur
847 1411 1020 1467 Francorum
1074 1418 1149 1470 rum,
1164 1404 1227 1474 (pria
1242 1405 1353 1475 regibus
1366 1405 1456 1460 aditur
1469 1405 1581 1461 nomine
1595 1405 1654 1461 solo
1674 1407 1860 1474 annitentibus,

226 1513 322 1566 pacem
337 1507 365 1552 et
376 1498 496 1553 Avarum
510 1500 671 1570 custoditit;
683 1513 785 1570 castus,
798 1503 899 1574 largus,
913 1505 960 1558 sed
974 1504 1020 1558 lit·
1070 1496 1160 1566 tnajor
1173 1496 1199 1551 in
1212 1497 1295 1552 domo
1310 1499 1396 1568 regia,
1418 1499 1495 1569 regui
1517 1508 1576 1555 erat
1598 1501 1814 1568 administrator,
1831 1509 1862 1556 ut

226 1596 350 1641 terarum
365 1588 491 1657 ignarus3
508 1590 566 1659 qui,
582 1607 646 1646 cum
661 1601 802 1664 regnasset
813 1595 893 1650 antris
910 1609 976 1648 axxr
993 1602 1021 1650 et
1069 1589 1236 1646 uenerabilis
1250 1591 1395 1657 Aretullae,
1409 1589 1538 1647 lietetrsis
1550 1592 1708 1662 episcopus,
1720 1596 1781 1647 ritae
1797 1609 1862 1649 san·

225 1680 419 1748 merrsibusrr,
432 1689 557 1738 mortuus
571 1694 623 1739 ost.
1070 1681 1162 1738 ctitate
1186 1683 1359 1752 perspicuus,
1373 1693 1399 1738 ct
1416 1694 1478 1754 post
1492 1683 1631 1739 Anclrisus
1653 1684 1726 1739 itlius
1749 1685 1809 1754 ejus
1826 1685 1862 1741 ab

260 1769 477 1842 llildepranrlns,
495 1775 644 1832 vicesimus
657 1785 773 1847 quartus
788 1792 837 1832 ret
861 1776 1021 1847 Langobar·
1070 1774 1191 1830 Anchise
1204 1773 1324 1844 Trojano
1336 1776 1542 1843 denominatus,
1555 1785 1619 1847 post
1632 1792 1712 1846 quern
1727 1776 1863 1848 Pippinns

224 1863 745 1943 dorum,successitLuitpraudoregi.
764 1869 1021 1942 liildeprandusre·
1071 1865 1203 1924 Grossus.
1241 1865 1307 1922 Post
1334 1866 1409 1923 hnrrc
1440 1866 1557 1925 Carolus
1584 1867 1724 1924 llartellus
1752 1867 1862 1940 Pippini

225 1956 322 2027 enauit
334 1956 476 2014 mensibus
490 1975 528 2013 rr.
1032 1941 1055 2003 Β
1069 1959 1165 2016 Grossi
1178 1961 1251 2017 lilius
1265 1976 1298 2016 ct
1315 1961 1499 2017 concubinatu
1510 1961 1649 2032 Alplroidre
1665 1963 1792 2019 ducisse.
1805 1962 1860 2031 ern

259 2049 408 2117 Ratelrius,
421 2052 568 2110 vicesimus
576 2054 690 2125 quintus
704 2071 753 2112 rex
761 2055 1017 2130 Longonardorum,
1069 2052 1232 2125 Bagaeram,
1250 2055 1389 2122 Sueriam,
1411 2054 1608 2123 Guasconiarn,
1624 2055 1783 2122 saxoniam,
1800 2059 1860 2114 Fri-

222 2144 354 2216 regnarit
379 2146 460 2201 arinis
478 2162 515 2212 rr,
542 2149 683 2203 mensibus
709 2166 747 2204 rx.
773 2147 822 2206 llis
847 2150 1018 2220 temporibus
1067 2148 1137 2203 siam
1150 2148 1223 2213 vicit,
1239 2163 1378 2204 cccnrxrr
1394 2149 1479 2205 millia
1492 2150 1706 2206 Sarracenorum
1718 2152 1745 2205 in
1761 2151 1862 2222 llispa·

223 2234 362 2306 Gregorio
376 2239 511 2295 successit
536 2239 685 2297 Zacharias
711 2242 738 2297 in
763 2243 915 2313 apostoliea
942 2243 1017 2310 sede,
1068 2238 1114 2292 nia
1129 2237 1273 2304 interiecit,
1285 2255 1400 2310 eosque,
1412 2240 1512 2295 bellum
1526 2239 1660 2296 Narbonae
1672 2245 1859 2311 committeus,

223 2327 320 2384 cerea
337 2329 490 2403 Latineque
505 2332 599 2404 lingua
619 2333 735 2403 peritus.
758 2333 811 2402 Qui
834 2351 929 2406 pacem
954 2351 1017 2392 eum
1067 2329 1188 2383 maxima
1205 2330 1277 2385 caede
1302 2331 1459 2399 prostravit.
1484 2329 1518 2386 Et
1540 2341 1602 2403 post
1625 2348 1688 2387 curn
1714 2331 1860 2388 sarraceni

223 2421 417 2494 Longoharhis
431 2423 504 2493 reeh¹
519 2434 548 2480 er
558 2426 629 2483 hithe
643 2436 815 2497 compatrem
832 2429 859 2484 r„
872 2429 1018 2485 teterrime.
1067 2418 1177 2475 Arelate
1192 2421 1340 2490 cepissent,
1353 2422 1457 2493 legatos
1473 2438 1536 2478 cum
1561 2425 1723 2480 uruueribus
1746 2427 1860 2482 inntens

222 2514 270 2570 nio
285 2516 413 2586 copulari
435 2517 586 2587 prohibuit.
612 2517 1018 2592 Boniiaciusllaguntiuusar·
1067 2511 1102 2566 id
1126 2511 1325 2584 Liulhlassdssm
1354 2530 1446 2586 legem
1471 2513 1736 2587 1¹⁰¹¹ii⁰b²¹f1¹0l¹¹¹¹¹t
1761 2527 1860 2574 emilia

223 2610 491 2682 ehieptseopus‚qui
509 2609 686 2668 werdensem
711 2615 856 2670 ecetesiam
884 2613 965 2682 reeh,
991 2624 1019 2670 ee
1068 2602 1235 2660 Sarracenos
1249 2605 1383 2660 auxilinm
1399 2606 1555 2676 postularit.
1572 2608 1633 2675 Quo
1648 2610 1676 2663 in
1690 2610 1857 2679 adjutorium
1897 2617 1901 2625 ’

223 2700 298 2758 Beda
314 2704 458 2775 presbyter
479 2706 653 2772 venerahilis,
668 2709 715 2779 qur
738 2709 824 2763 metra
841 2709 1016 2780 conseetpsje
1067 2706 1240 2768 properante,
1255 2699 1400 2755 Sarraceui
1418 2698 1556 2771 fregerunt.
1574 2699 1648 2755 lllam
1664 2718 1773 2773 qrrrune
1791 2702 1860 2758 Pro-

223 2801 252 2849 et
263 2791 366 2851 Petrus
378 2796 525 2867 episcopus
542 2795 699 2853 Tieinensis
720 2799 890 2855 claruerunt.
917 2798 1018 2856 Leonis
1068 2791 1186 2846 vinciam
1207 2791 1373 2862 subjugarit,
1397 2793 1425 2847 ¹¹¹
1439 2808 1493 2864 (1¹¹³
1509 2802 1552 2849 0⁵¹
1569 2792 1703 2861 Ρθΐῑῦῑϋὸι
1718 2813 1779 2863 (illae
1793 2805 1861 2853 ²¹¹¹!ss

222 2901 300 2944 anno
323 2887 414 2958 priano
440 2899 567 2945 mortuus
589 2899 632 2947 est
656 2892 773 2948 Carolus
797 2892 948 2960 haetenus,
969 2893 1018 2963 qui
1067 2883 1209 2940 Gaudiana
1228 2887 1387 2939 uocabatur.
1401 2883 1436 2939 Et
1448 2887 1557 2941 uocauit
1572 2901 1632 2942 eam
1645 2886 1789 2943 Francianr
1805 2891 1860 2944 liu-

223 2978 299 3050 apud
314 2977 436 3037 Freneee
451 2981 540 3052 major
554 2982 583 3036 ie
607 2982 681 3054 regie
704 2982 787 3039 dome
808 2994 876 3040 eree,
900 2982 950 3040 the
974 3000 1019 3041 ee.
1067 2992 1119 3047 gua
1143 2976 1238 3042 latina,
1262 2976 1430 3032 Tlreotonice
1454 2976 1652 3049 liarlinguiam.
1671 2979 1755 3036 Terra
1781 2998 1857 3049 rere,

223 3087 310 3143 gnum
325 3070 497 3129 Francorum
512 3075 629 3148 elonges
640 3085 714 3132 reiro
725 3077 897 3148 temporibus
910 3078 1018 3133 lethea.
1067 3083 1128 3138 quee
1143 3068 1297 3125 Francouia
1319 3070 1431 3137 dicitur,
1447 3086 1463 3125 a
1478 3072 1598 3141 quodam
1614 3071 1757 3129 Francoue
1775 3076 1857 3143 duce,

222 3182 298 3222 mur.
785 3187 788 3195 .
1066 3174 1098 3217 ut
1110 3163 1222 3233 quitiam
1235 3171 1372 3226 asserunt,
1384 3164 1518 3234 appellata
1529 3174 1582 3220 est.
1598 3165 1708 3222 Primus
1720 3182 1857 3223 consensu

255 3256 327 3312 Post
341 3254 432 3327 'l'rojae
446 3256 663 3316 destruerionem
676 3261 762 3316 mehe
779 3263 863 3318 miliia
879 3262 1016 3333 Trojano.
1066 3255 1187 3310 decimas
1203 3253 1344 3310 Zachariae
1359 3272 1435 3326 papae
1450 3257 1584 3312 militibus
1600 3256 1675 3313 dedit
1691 3261 1719 3314 in
1742 3260 1857 3318 lcudurn

221 3365 286 3405 rum
301 3349 356 3406 sub
366 3349 479 3406 Priarno
491 3360 518 3408 et
532 3353 672 3409 Antenore
695 3353 854 3409 Ravennam
876 3356 1016 3426 applicue-
1067 3363 1118 3418 pto
1134 3347 1314 3403 ecclesiarum
1338 3348 1510 3404 necessitate.
1535 3349 1604 3405 Cum
1627 3351 1718 3423 itaque
1740 3370 1855 3426 reguum

222 3453 300 3509 runt,
315 3453 346 3498 et
370 3442 493 3500 Paduam
518 3447 734 3513 aedificaverunt,
757 3447 803 3502 ubi
829 3447 952 3517 sepultus
973 3454 1017 3502 ctt
1067 3441 1236 3498 Francorum
1258 3451 1312 3497 tam
1336 3440 1452 3498 feliciter
1465 3459 1514 3514 per
1534 3460 1710 3501 xxrrranuos
1723 3447 1857 3502 adruinis·

222 3537 359 3592 Antenor.
374 3536 473 3595 Postea
487 3554 550 3596 rero
564 3541 591 3595 in
607 3541 733 3612 Scythica
749 3541 860 3613 regione
875 3540 1015 3595 ciuitatem
1067 3542 1174 3598 nasset,
1187 3534 1257 3590 sicut
1276 3534 1469 3604 praemisimus,
1483 3549 1557 3591 atino
1568 3536 1657 3606 primo
1670 3536 1769 3592 Leonis
1782 3539 1855 3595 diem

223 3627 408 3685 sicambriam
432 3632 645 3688 constituerunt.
679 3632 781 3689 ileinde
812 3640 1017 3704 occupauerunt
1067 3627 1341 3695 clausitbatrernurn,
1355 3628 1443 3684 tribus
1454 3629 1558 3686 relictis
1573 3630 1646 3697 libis,
1657 3631 1853 3701 carlomanno,

222 3720 410 3790 Germaniam,
423 3733 450 3780 et
464 3723 529 3780 dicti
554 3735 619 3781 suut
639 3724 780 3781 Germani.
795 3723 849 3781 Sed
865 3725 929 3795 quia
945 3734 1016 3779 tem·
1066 3722 1182 3793 Pippino
1204 3719 1292 3789 Nano,
1309 3732 1335 3777 ct
1359 3720 1496 3789 (ir-alioue,
1520 3723 1569 3793 qui
1597 3726 1674 3796 regni
1700 3727 1855 3785 diviserant

222 3830 288 3885 pore
304 3813 489 3872 Valentiniani
506 3819 690 3889 imperatoris,
705 3820 765 3890 ejus
787 3819 917 3874 mandato
941 3819 1016 3873 rice·
1065 3815 1342 3873 administrationem.
1368 3812 1421 3871 Sed
1443 3815 1534 3872 Grall'o
1555 3817 1668 3888 iniquus
1688 3833 1703 3875 a
1720 3817 1855 3879 iratribus

223 3909 416 3976 teutmarus,
436 3903 544 3967 vocarit
571 3926 619 3968 eos
642 3911 775 3979 Francos,
791 3912 818 3968 id
834 3921 875 3968 est
899 3911 1013 3968 icroces.
1065 3909 1169 3980 ejectus
1185 3907 1257 3979 apud
1277 3906 1424 3963 Arerniam
1449 3909 1476 3962 in
1502 3908 1621 3978 quodam
1646 3909 1765 3966 castello
1789 3926 1855 3983 per·

221 3996 288 4055 Post
314 4001 486 4056 transierunt
508 4002 536 4056 in
560 4000 741 4074 Tlruringiam
765 4004 817 4059 sub
843 4003 1013 4074 principibus
1065 4002 1177 4060 mansit.
1190 4001 1392 4057 carlomannus
1406 4001 1502 4056 babuit
1515 4000 1710 4070 'l'heotoniam
1721 4003 1855 4076 Pippinns
1899 4079 1900 4082 Ἴ

221 4089 397 4148 llarcomedc
408 4102 436 4149 et
451 4091 574 4150 Simone.
591 4092 644 4150 Sed
661 4093 773 4150 Simone
788 4093 926 4163 defuncto,
941 4092 1014 4149 llar-
1064 4095 1221 4152 Francianr.
1239 4094 1291 4150 Sed
1314 4102 1376 4165 post
1398 4109 1487 4149 annos
1509 4104 1629 4165 ‹puatuor
1652 4096 1855 4156 Carlomannua

222 4184 347 4240 comedis
371 4186 457 4242 lilium
483 4185 691 4242 Faramundum
717 4203 809 4259 regern
831 4187 966 4255 lecerunt,
986 4196 1014 4243 et
1064 4203 1114 4259 per
1136 4187 1298 4243 Zachariam
1330 4201 1429 4257 papam
1457 4185 1547 4243 iaetus
1575 4197 1618 4245 est
1644 4190 1797 4247 monachus
1824 4192 1853 4249 in

222 4277 296 4349 leges
310 4279 515 4350 perquemdam
526 4280 688 4351 sapientem,
702 4280 812 4336 nomine
826 4277 1012 4352 salagustum,
1064 4287 1157 4335 monte
1171 4277 1289 4352 Syratlr;
1305 4288 1399 4348 postea
1423 4278 1548 4334 transivit
1565 4280 1600 4335 ad
1626 4288 1747 4335 murrum
1772 4280 1854 4340 Casi-

223 4372 327 4429 babere
341 4381 495 4444 creperum,
517 4389 533 4429 a
550 4389 607 4445 quo
626 4374 670 4429 lex
694 4372 784 4430 Salica
804 4375 877 4430 dicta
891 4385 943 4441 est,
957 4389 1012 4444 qua
1064 4389 1143 4438 num,
1159 4372 1207 4428 ubi
1221 4371 1304 4428 etiarn
1329 4385 1429 4442 porcos
1445 4372 1592 4443 aliqnando
1614 4373 1773 4430 custodiuit.
1789 4374 1854 4447 Pip-

220 4463 323 4522 Franci
347 4474 472 4523 utuntur.
490 4466 558 4523 llinc
580 4467 669 4524 Roma
692 4468 821 4536 decrerit,
846 4477 875 4524 et
896 4466 1012 4524 Francia
1064 4465 1147 4537 pinus
1161 4465 1255 4535 itaque
1267 4461 1361 4518 Nonus
1374 4463 1450 4519 solus
1461 4463 1565 4519 exstitit
1576 4465 1654 4534 regni
1674 4467 1852 4524 administra-

221 4558 318 4616 crerit.
335 4556 415 4626 llam,
431 4560 548 4616 transito
563 4559 670 4628 liheno,
682 4568 828 4631 coeperunt
839 4557 936 4632 lagare
956 4559 1013 4615 Ro-
1066 4565 1119 4624 tor,
1136 4555 1262 4629 liyldrico
1276 4570 1340 4627 rege
1352 4555 1464 4612 nominc
1485 4557 1545 4612 solo
1561 4567 1698 4614 manente.
1717 4558 1769 4614 Sed
1786 4562 1852 4630 quia

221 4665 332 4715 manos,
345 4649 392 4721 qui
409 4649 570 4705 halritabant
582 4651 639 4717 ibi;
663 4656 811 4721 et'cepere
820 4650 1010 4722 Agrippinam,
1026 4664 1049 4720 1)
1063 4666 1111 4706 rex
1129 4657 1190 4706 erat
1204 4649 1319 4720 ignarus
1334 4648 1375 4706 ct‘
1385 4648 1502 4717 inutilis,
1524 4651 1687 4706 auctoritate
1711 4650 1852 4710 Zacharias

220 4757 282 4812 qua
296 4758 372 4796 nuuc
386 4739 499 4797 Colonia
514 4742 615 4797 dicitur
628 4756 662 4797 ex
681 4756 754 4797 noro
769 4741 888 4797 incolatu
903 4756 1010 4810 eorum,
1062 4758 1139 4815 papae
1158 4740 1289 4812 Pippinns
1304 4740 1332 4796 irr
1359 4756 1451 4813 regern
1475 4758 1490 4797 a
1515 4740 1655 4797 Boniiacio
1680 4741 1850 4816 llaguntirro,

219 4842 248 4888 et
263 4832 432 4902 Turnacum,
447 4844 476 4890 et
489 4831 683 4900 Cameracum,·
693 4843 720 4889 et
733 4833 856 4901 libentis,
872 4841 899 4890 et
910 4833 1012 4890 'irere-
1062 4835 1179 4906 aliisque
1188 4834 1357 4905 principibus
1368 4836 1531 4902 eleetnstst,
1542 4833 1706 4908 etllyldrieo
1719 4838 1744 4892 in
1758 4848 1859 4897 oronte·

220 4928 285 4994 rim,
303 4938 332 4983 et
345 4927 525 4996 Suessonam,
540 4928 708 4994 Aurelianis,
724 4937 751 4982 ct
764 4943 834 4998 pene
847 4936 933 4982 totam
947 4925 1013 4983 Gal·
1061 4927 1163 4982 Casiuo
1176 4928 1312 4983 monacho
1326 4924 1401 4983 iacto
1418 4929 1582 4983 auctoritato
1605 4927 1737 5000 Stephani
1761 4946 1848 5003 papae,

219 5023 285 5077 liam
301 5030 330 5077 et
341 5020 516 5077 Germaniam
538 5022 573 5077 ab
593 5020 740 5089 Aquitania
755 5036 842 5092 usque
863 5019 1010 5092 baguciam
1061 5020 1109 5090 qui
1124 5018 1264 5074 Zachariae
1289 5020 1432 5087 successit,
1459 5036 1475 5076 a
1497 5019 1625 5077 fidelitate
1643 5019 1762 5094 llyldrici
1785 5040 1849 5083 cum

217 5116 441 5173 vindicaverunt.
455 5113 528 5171 lnter
540 5130 616 5186 reges
628 5113 795 5169 Francorum
807 5114 917 5170 luerunt
927 5112 1011 5168 lliro-
1061 5112 1190 5169 omnibus
1210 5112 1380 5185 principibus
1403 5123 1446 5170 est
1472 5114 1624 5184 absolutus,
1652 5126 1680 5174 et
1704 5119 1731 5173 in
1756 5133 1849 5189 regem

218 5224 298 5276 reus,
311 5225 328 5265 a
342 5223 398 5281 quo
410 5219 505 5280 postea
517 5224 595 5281 reges
609 5208 744 5265 nominati
758 5216 823 5264 sunt
837 5208 967 5276 llirorei;
983 5219 1011 5264 et
1062 5213 1173 5272 unctus,
1187 5206 1234 5262 ubi
1249 5221 1363 5278 reguiam
1381 5204 1601 5279 lleroringorurn
1622 5207 1704 5265 sunem
1731 5213 1848 5281 accepit,

218 5299 407 5369 chlodoveus,
419 5301 467 5373 qui
478 5301 674 5358 Glodoslndam
694 5299 778 5356 filiam
800 5300 873 5372 regis
885 5299 1011 5373 Burgun-
1060 5307 1088 5355 et
1102 5314 1216 5372 regnum
1230 5297 1392 5356 carolorum
1409 5298 1519 5369 incepit.

218 5395 336 5451 diorum
348 5393 532 5450 Christianam
546 5394 650 5467 accepit
663 5409 777 5450 uxorem
789 5412 796 5462 ;
811 5395 846 5448 ad
857 5393 936 5465 cujus
947 5410 1011 5450 ora·
1244 5394 1285 5451 De
1295 5395 1471 5450 Constantino
1487 5395 1582 5451 beonia
1594 5397 1662 5468 filio.

218 5489 312 5545 tiones
335 5497 364 5544 et
387 5488 595 5545 exhortationes
626 5489 781 5559 baptizatus
803 5496 846 5544 est
871 5504 888 5544 a
913 5497 1010 5545 sarecto
1095 5490 1175 5567 Auno
1203 5488 1312 5545 llomini
1339 5489 1402 5557 itt,
1427 5487 1625 5548 Constantinus
1645 5490 1750 5548 Leonis
1773 5492 1847 5550 lilius

219 5579 537 5651 tttremtgtuaneelooe
557 5579 735 5637 coelisolenm
751 5579 934 5647 ministrante,
953 5594 1009 5651 quo
1059 5581 1132 5654 apud
1161 5582 1428 5654 Constantinopolim
1449 5583 1572 5654 regnarit
1599 5599 1663 5641 ano.
1685 5599 1776 5650 xxtr,
1797 5586 1846 5658 qui

217 5670 415 5728 adhucFraoci
424 5687 501 5741 reges
520 5683 669 5743 unguntur.
684 5672 737 5729 lste
751 5671 924 5728 chlodoveus
935 5673 1009 5729 rorit
1059 5675 1111 5731 luit
1129 5685 1207 5746 patre
1226 5675 1314 5747 pejor,
1328 5677 1393 5747 quia
1408 5675 1543 5733 sacrificia
1560 5675 1731 5734 daemonibus
1747 5678 1846 5735 immo-

216 5781 322 5837 equum
337 5781 419 5821 suurn
433 5780 463 5821 se
481 5766 561 5820 beato
576 5763 695 5821 liuttino
714 5765 854 5831 daturum,
870 5767 893 5821 si
911 5766 1008 5821 trium·
1058 5767 1135 5823 latit.

217 5861 317 5931 pharet
334 5859 363 5913 in
376 5857 491 5915 Gothos.
515 5856 715 5928 Triumpharit,
732 5861 813 5916 solvit
829 5869 942 5929 rotum;
959 5860 1006 5916 sed
1094 5851 1246 5930 Astulplrus
1260 5859 1410 5917 riceaimus
1424 5868 1519 5918 sextus
1536 5877 1585 5918 rex
1601 5860 1845 5935 Longobardarom

216 5953 355 6011 redimere
376 5951 472 6023 rolens
493 5958 603 6007 centum
628 5950 731 6010 solidos
758 5952 933 6023 transmisit;
957 5951 1006 6012 ted
1057 5953 1275 6025 regnavitannis
1290 5969 1351 6026 nu,
1367 5954 1415 6027 qui
1439 5955 1489 6014 liei
1510 5955 1660 6016 Ecclesiam
1677 5957 1843 6032 molestarit,

336 6045 476 6109 Paraot.
498 6043 634 6108 ctxttt.
1529 6051 1533 6060 '
1714 6049 1759 6110 Ab
