4350 6709
344 540 399 600 tbi
878 532 982 592 retal
1003 529 1127 589 habits
1145 526 1286 586 ebullit
1304 522 1459 584 trebatii!
1916 525 1968 585 has

342 660 419 728 jrrtor
433 664 476 713 est
490 655 518 712 in
534 655 786 727 opportunitatibus
799 655 825 709 in
849 655 1025 710 tribulatione
1040 649 1129 722 (Paul.
1145 650 1169 708 l
1182 663 1244 703 cum
1259 647 1403 703 circuisset
1417 645 1496 716 plura
1509 644 1633 710 castella,
1648 644 1723 700 venit
1737 651 1801 700 ante
1814 641 1973 706 llurcllum.

346 755 397 822 ts),
413 751 450 806 ita
462 750 599 805 ordinavit
612 757 642 804 ut
655 749 728 804 lilius
744 749 829 818 patris
848 749 978 804 mandato
998 744 1132 810 obediret,
1185 739 1324 810 quoddam
1343 739 1435 794 nobile
1449 748 1582 804 castrum,
1598 737 1645 794 sed
1673 737 1763 809 quoad
1783 737 1974 793 lortitndinern

343 854 371 900 et
381 843 415 899 de
425 842 539 900 dimissa
552 843 696 899 obsidione
706 842 922 898 erubescentiam
934 856 989 895 non
1001 839 1132 894 haberetc
1185 833 1253 888 satis
1266 831 1365 899 debile,
1385 831 1491 887 distans
1513 831 1602 887 tribus
1621 831 1708 886 leucis
1725 845 1740 885 a
1765 827 1883 895 Toloaa;
1911 829 1973 894 sed,

343 951 377 991 ea
394 936 417 991 si
431 935 543 1005 quidem
568 944 649 991 cincre
664 951 718 1005 qna
744 935 842 991 tirterae
856 934 966 990 comitis
986 940 1132 998 renerum,
1184 925 1247 980 licet
1261 924 1349 980 muris
1363 932 1436 980 esset
1446 923 1534 979 debile
1547 932 1575 978 et
1589 923 1711 986 fossatis,
1726 931 1786 978 erat
1798 931 1891 977 tameo
1913 934 1974 975 mu·

274 1084 277 1090 ,
343 1028 496 1085 adversarii
512 1029 651 1098 quierant
669 1029 803 1091 incastro
828 1027 945 1093 obsessi,
968 1030 1133 1096 rogaverunt
1183 1020 1271 1074 tritum
1288 1018 1423 1074 militibus
1439 1017 1558 1087 triginta,
1577 1026 1605 1072 et
1618 1016 1714 1087 paucis
1726 1014 1876 1086 peditibus.
1903 1028 1975 1086 quos

342 1134 376 1174 ea
389 1135 451 1190 quae
463 1119 539 1189 pacis
554 1129 629 1186 sunt,
646 1120 733 1190 pal'ali
747 1119 862 1175 reddere
873 1126 994 1174 castrum
1010 1126 1037 1171 et
1047 1115 1133 1185 capti·
1184 1107 1283 1164 nobilis
1297 1123 1389 1164 domet
1402 1106 1607 1174 Montis-sortis,
1623 1108 1659 1162 ibi
1672 1107 1706 1162 all
1719 1105 1872 1162 cllsltrdianl
1888 1104 1975 1160 castri

343 1227 394 1268 vos
408 1227 479 1283 quos
492 1213 621 1267 tenebant
639 1211 725 1267 lerme
747 1212 899 1282 sexaginta,
914 1209 1066 1266 dummodo
1079 1207 1132 1279 ipsi
1182 1199 1334 1266 dimiserat,
1348 1199 1395 1270 qui
1410 1198 1564 1255 Tolosanos
1579 1214 1634 1269 prae
1646 1199 1753 1254 caeteris
1763 1196 1972 1267 impugnabant.

343 1306 569 1374 permitterentur
580 1305 656 1359 abire
678 1301 928 1372 trucibusque
944 1303 1062 1357 instabat
1087 1315 1133 1355 ne·
1183 1291 1303 1349 veniens
1316 1307 1365 1347 rex
1375 1292 1548 1365 Arragonurn
1562 1292 1702 1359 Tolosam,
1717 1289 1895 1363 congregarit
1918 1286 1974 1345 To-

342 1397 468 1465 cessitas,
478 1411 621 1460 concesso,
634 1396 787 1451 ermaricus
797 1395 996 1462 liliuscomitis,
1009 1403 1131 1449 castrum
1182 1385 1294 1442 l⁰⁸³⁰⁰³
1307 1394 1335 1440 tl
1349 1385 1418 1441 2¹5⁰ss
1433 1385 1586 1454 haefflllwli
1612 1394 1642 1441 ¹¹¹
1662 1386 1831 1441 ⁰b⁵idl⁰⁰0¹¹¹
1849 1382 1975 1439 “immi

343 1487 411 1544 illud
441 1490 571 1544 muniens
596 1489 691 1559 paucis
718 1488 862 1554 militibus,
878 1489 911 1543 ad
927 1497 1032 1559 patrem
1048 1503 1129 1543 suum
1182 1469 1255 1536 circi
1269 1477 1423 1534 Murellum·

343 1581 500 1651 properarit
515 1597 522 1648 ;
536 1589 591 1635 tota
604 1587 695 1634 autem
711 1588 782 1635 terra
798 1580 987 1651 Albigensiunr
1001 1581 1027 1634 in
1044 1580 1129 1633 nrulta
1429 1573 1572 1632 CAPUT
1606 1574 1654 1629 Lll
1666 1573 1718 1630 lll.

342 1672 501 1729 turbatione
513 1680 540 1727 et
551 1673 722 1726 uacillatione
734 1682 794 1728 erat
808 1673 907 1743 posita,
930 1674 1023 1728 hostes
1041 1673 1130 1743 siqui·
1449 1668 1559 1726 Obsidio
1571 1669 1690 1725 llurelli.

342 1764 404 1818 deur
423 1764 486 1818 fidei
506 1773 533 1818 et
548 1765 648 1820 milites
668 1767 740 1837 regis
754 1765 966 1837 Arragonensis,
990 1766 1129 1837 quiajam
1216 1765 1416 1823 dnnollomini
1443 1763 1531 1819 nostri
1552 1761 1617 1819 lesu
1643 1762 1745 1818 Christi
1769 1761 1848 1829 itta,
1876 1778 1903 1817 rr
1928 1761 1968 1819 ld.

342 1855 451 1927 longam
478 1872 583 1912 moratu
608 1856 728 1913 iecerunt
741 1859 767 1912 in
782 1858 892 1919 Tolosa.
908 1858 1060 1914 circuibant
1082 1874 1130 1928 per
1182 1857 1269 1929 Sept,
1287 1859 1381 1913 leriah
1394 1869 1456 1929 post
1464 1855 1639 1912 Nativitatem
1653 1857 1739 1911 beatae
1750 1855 1843 1911 llariae
1858 1872 1907 1912 rer
1919 1857 1971 1912 Ar·

342 1958 405 2002 ante
416 1949 526 2004 castella
540 1958 643 2013 nostra,
653 1949 802 2005 invitantes
817 1948 958 2018 indigenas
971 1950 1004 2004 ad
1020 1960 1130 2019 aposta·
1181 1967 1314 2023 ragonum
1327 1951 1434 2019 Petrus,
1450 1951 1622 2022 congregatis
1642 1950 1790 2006 comitibus
1816 1949 1970 2014 Tolosaoo,

342 2042 411 2096 siam
426 2050 453 2096 et
466 2042 644 2097 redditionem
659 2051 792 2097 nrrstram.
807 2040 902 2096 Plures
913 2048 1003 2094 autem
1018 2055 1051 2094 ex
1062 2040 1129 2109 ipsis
1180 2042 1372 2099 Corrvenarum
1387 2042 1507 2111 ethbaal,
1523 2051 1550 2099 et
1573 2045 1687 2114 copioso
1711 2045 1832 2100 exercitu
1848 2045 1973 2116 Arrago·

341 2136 565 2191 obsecuritatem
582 2135 653 2206 regis
667 2134 877 2206 arragonensis,
899 2148 980 2203 quem
996 2147 1057 2188 cum
1072 2147 1130 2185 ina·
1180 2136 1306 2192 nensium
1322 2145 1350 2190 et
1372 2134 1584 2202 Tolosanorum,
1603 2135 1747 2193 hlurellum
1772 2137 1895 2205 olisedit;
1911 2146 1972 2194 erat

340 2228 415 2284 ximo
430 2228 566 2285 desiderio
593 2229 796 2297 exspectabant,
820 2226 1015 2281 conuertebant
1042 2239 1072 2279 se
1094 2222 1129 2278 ad
1180 2235 1271 2283 autem
1287 2235 1408 2284 castrum
1422 2225 1528 2281 hlurelli
1540 2227 1623 2281 situm
1636 2242 1720 2297 super
1742 2225 1900 2282 Garorrnam
1919 2225 1973 2281 llu-

340 2321 524 2389 adrersarios,
539 2319 611 2376 etita
626 2319 703 2390 plura
721 2328 810 2375 eastra
825 2335 921 2391 magna
934 2326 960 2373 et
973 2318 1052 2373 lertio
1067 2332 1128 2371 rea·
1179 2319 1254 2375 riatur
1269 2333 1353 2390 prope
1369 2316 1497 2373 Tolosam
1515 2319 1548 2372 ad
1563 2327 1620 2373 tres
1634 2319 1727 2374 leucas
1747 2333 1844 2375 uersus
1855 2315 1973 2375 Wasco-

340 2412 479 2467 misimus.
1180 2414 1265 2467 niam.
1283 2411 1451 2466 decedentes
1473 2410 1623 2464 adversarii
1649 2410 1684 2465 ad
1700 2421 1821 2466 castrum
1849 2409 1971 2479 liurelli,

375 2502 414 2558 Ea
441 2513 612 2574 tempestate,
642 2503 742 2559 nobilis
771 2518 865 2559 eomes
892 2501 1130 2559 bloutislortiset
1180 2506 1273 2561 statim
1298 2503 1662 2574 primuineursu,primum
1686 2505 1772 2560 castri
1790 2505 1909 2575 burgum
1926 2506 1970 2559 iu·

340 2597 461 2666 episcopi
478 2604 557 2652 terrae
585 2595 739 2676 Albigcosis
760 2596 830 2653 duos
854 2596 966 2651 abbates
994 2595 1131 2651 miserunt
1181 2605 1333 2663 trarerunt,
1351 2597 1416 2667 quia
1433 2596 1539 2653 obsessi
1556 2596 1645 2652 nostri
1670 2612 1725 2651 non
1754 2605 1882 2666 poterant
1901 2594 1973 2651 illud

340 2690 374 2746 ad
390 2706 482 2761 regem
496 2691 679 2760 Arragonum,
696 2690 744 2761 qrti
762 2690 867 2745 litteras
878 2697 906 2743 et
919 2686 1079 2743 mandatum
1096 2686 1128 2742 ll.
1180 2689 1398 2760 mnoirc;pauci
1418 2687 1528 2759 qrridem
1547 2697 1635 2754 erant,
1651 2697 1679 2743 et
1702 2703 1731 2743 se
1754 2689 1782 2742 iu
1810 2687 1886 2742 aliud
1902 2687 1972 2742 hur-

339 2782 562 2854 papeoeterrenr
573 2785 606 2839 ad
623 2799 698 2850 eum,
711 2783 897 2854 supplicantes
910 2783 945 2848 ei,
958 2784 1037 2854 juata
1051 2797 1130 2836 man·
1180 2795 1244 2853 gum
1260 2778 1461 2850 aliquantulum
1476 2777 1575 2833 lortius
1592 2786 1761 2849 receperant,
1773 2779 1863 2847 ipsum
1878 2787 1973 2835 muron

262 2899 268 2917 ·
340 2875 433 2929 datum
460 2875 661 2946 apostolieum,
687 2886 716 2932 ut
741 2860 997 2932 ab‘haereticornm
1026 2875 1129 2930 auxillo
1179 2874 1299 2943 primurn
1321 2874 1405 2929 castri
1431 2872 1549 2945 burgum
1576 2873 1669 2928 hostes
1692 2871 1775 2928 eitius
1792 2872 1971 2929 dimiserunt.

340 2968 493 3035 desisteret,
527 2983 577 3025 uec
603 2968 837 3025 christianitatem
863 2969 1046 3038 impugnaret.
1071 2967 1128 3023 Rex
1181 2964 1278 3022 Statim
1294 2964 1540 3021 militesnostride
1568 2974 1661 3020 castro
1684 2965 1867 3020 miseruntad
1891 2965 1970 3021 uobi-

340 3071 443 3127 autem,
462 3069 555 3131 utpote
579 3059 658 3116 lallar
672 3070 700 3116 et
715 3061 858 3126 subdolus,
873 3061 1014 3128 respoudit
1025 3061 1052 3116 iu
1066 3061 1129 3117 dolo
1179 3061 1232 3117 lem
1258 3060 1386 3115 comitem
1411 3056 1615 3125 hiantis-lortis,
1644 3057 1830 3129 significantes
1847 3056 1874 3112 ei
1895 3057 1974 3128 quud

339 3152 413 3223 qrtod
425 3153 518 3208 omnia
529 3168 701 3225 quecunque
719 3153 866 3209 mandabat
880 3153 904 3208 ei
918 3170 1044 3211 summus
1058 3169 1127 3224 pou-
1180 3154 1285 3210 obsessi
1302 3165 1392 3218 erant,
1420 3161 1447 3208 et
1473 3159 1603 3224 rogantes
1631 3151 1705 3221 quod
1723 3159 1897 3207 succurreret
1918 3151 1971 3217 eis,

341 3242 417 3311 tiles,
430 3244 546 3300 libenter
556 3245 734 3316 adimpleret:
750 3246 809 3312 sed,
821 3247 884 3302 licet
892 3261 1000 3318 semper
1014 3248 1130 3315 promit·
1180 3247 1244 3318 qrria
1262 3247 1381 3313 modica,
1394 3247 1449 3300 inno
1465 3247 1543 3316 quasi
1556 3245 1631 3300 nulla
1646 3244 1783 3299 habebant
1797 3243 1930 3300 victualia
1944 3254 1974 3300 et

340 3343 410 3391 teret
427 3337 586 3391 mandatum
599 3337 779 3407 apostolicum
796 3338 977 3393 libentissime
997 3353 1027 3394 se
1043 3337 1164 3402 lactu-c
1180 3337 1215 3393 de
1230 3345 1323 3394 castro
1337 3336 1429 3406 egredi
1445 3352 1500 3392 nun
1526 3335 1673 3391 audebant.
1692 3333 1757 3388 Erat
1781 3349 1876 3390 comes
1897 3335 1986 3409 apud.

339 3444 413 3493 rator,
443 3428 532 3484 noluit
564 3438 655 3484 tanuen
679 3445 809 3486 reuocare
831 3430 933 3486 milites
953 3445 1029 3495 suos,
1057 3447 1127 3502 quos
1181 3438 1303 3486 castrum
1327 3429 1400 3499 quod
1426 3428 1526 3483 dieitur
1551 3423 1756 3491 Fanumdoris,
1778 3425 1885 3483 distans
1909 3441 1974 3485 octo

339 3523 476 3592 praeterita
499 3523 587 3579 bieme
600 3522 705 3579 Tolosae
720 3523 872 3591 dimiserat,
901 3540 950 3595 per
971 3539 1041 3594 quos
1064 3538 1127 3579 eum
1180 3522 1295 3579 leucisa
1309 3521 1442 3588 burello,
1458 3530 1640 3593 proposuerat
1653 3521 1728 3577 enim
1750 3522 1791 3579 ire
1806 3523 1972 3591 liuredum,

340 3611 486 3670 Tolosanis
504 3623 531 3672 et
546 3615 607 3670 aliis
619 3616 754 3672 haereticis
777 3615 1011 3672 christianitatem
1038 3616 1128 3686 lmpu·
1184 3625 1215 3672 ut
1232 3617 1351 3672 muniret
1361 3615 1429 3671 illud
1445 3623 1499 3670 tam
1514 3614 1673 3674 hominihus
1696 3632 1779 3687 quam
1792 3617 1971 3684 victualibus,

341 3718 451 3779 giraret3
472 3710 518 3765 sed
538 3717 564 3765 ct
579 3710 649 3765 alios
664 3710 756 3780 plures
770 3707 898 3765 Tolosam
925 3711 999 3767 misit
1014 3711 1123 3767 milites.

339 3797 473 3856 Praeterea
488 3801 521 3856 de
536 3810 608 3856 terra
630 3815 679 3856 sua
697 3816 767 3871 qrtos
793 3809 900 3872 poterat
923 3801 1072 3865 adunabat,
1098 3811 1126 3857 et

340 3891 462 3962 iusuper,
479 3893 551 3947 sicut
572 3893 740 3958 audirimus,
766 3903 871 3965 partem
896 3904 975 3949 terrae
999 3910 1057 3951 suaa
1071 3909 1126 3949 non

339 3984 476 4038 modicam
489 3985 595 4055 pignori
608 3985 747 4055 obligarit,
764 3999 795 4041 ut
810 3987 923 4042 haberet
938 3987 1011 4041 uude
1023 3987 1128 4043 condu-

339 4088 402 4130 cero
416 4088 508 4143 posset
521 4076 712 4144 stipendiarios
729 4077 755 4130 in
784 4077 916 4132 auxilium
937 4079 1128 4134 hereticorum

1183 3727 1235 3783 pro
1249 3725 1283 3766 eo
1310 3709 1384 3781 quod
1409 3710 1442 3765 de
1456 3707 1575 3762 aduentu
1595 3708 1666 3779 regis
1681 3709 1867 3780 Arragouum,
1884 3721 1914 3766 et
1939 3713 1974 3768 de

1184 3804 1329 3861 obsidione
1344 3801 1449 3858 blurelli
1465 3800 1567 3872 aliquid
1579 3802 1773 3872 suspicaretur.
1787 3801 1815 3858 ln
1841 3804 1901 3876 ipsa
1920 3821 1972 3862 au·

1184 3905 1238 3952 tarn
1261 3905 1351 3961 nocte,
1365 3908 1419 3964 qua
1432 3906 1526 3947 comes
1542 3902 1721 3962 proposuerat
1735 3894 1826 3965 egredi
1845 3909 1861 3950 a
1881 3894 1974 3952 Fauo-

1183 3987 1269 4053 loris,
1282 3987 1423 4041 comitissa
1437 3992 1603 4054 nostraque
1626 3985 1663 4040 ibi
1681 3994 1750 4052 erat,
1774 3988 1916 4044 somarium
1934 3991 1974 4045 ri·

1182 4081 1318 4148 ditanda
1333 4079 1479 4151 perterrita
1496 4077 1548 4133 luit
1565 4078 1663 4135 valde:
1681 4079 1824 4135 ridebatur
1845 4083 1921 4136 enirn
1947 4084 1972 4138 ei

340 4173 368 4220 et
378 4162 594 4220 Christianitatis
610 4167 855 4236 impugnationem.
867 4167 889 4223 0
902 4168 1049 4225 crudelitas
1058 4172 1129 4226 sub·
1179 4175 1252 4245 quod
1270 4173 1305 4228 ab
1330 4182 1447 4244 utroque
1465 4172 1579 4228 brachio
1591 4188 1641 4228 suo
1652 4173 1679 4227 in
1692 4186 1789 4243 magua
1802 4172 1973 4230 abundantia

237 4262 240 4275 '
340 4257 1129 4335 dolaloproditiocrtrdelissima!licctenimtotoposse
1179 4268 1270 4322 exiliat
1285 4265 1407 4335 sanguis.
1424 4265 1504 4333 Quod
1518 4266 1668 4330 somnium,
1684 4278 1747 4321 eum
1770 4281 1853 4320 mane
1875 4269 1972 4324 comiti

340 4363 392 4405 suo
410 4350 546 4406 exercitus
559 4359 655 4407 contra
670 4368 721 4408 nos
736 4353 879 4421 adunaret,
891 4356 1064 4425 promittebat
1086 4371 1128 4414 ta·
1180 4359 1306 4428 referret,
1323 4369 1350 4414 et
1375 4361 1477 4415 diceret
1493 4359 1733 4416 vehementissime
1760 4372 1845 4430 super
1873 4360 1929 4418 hoe
1942 4377 1973 4418 se

339 4457 403 4497 men
418 4443 490 4511 quod
510 4444 667 4499 mandatum
683 4445 785 4500 domini
810 4462 885 4517 papae
909 4448 943 4502 de
971 4450 1129 4508 deserendis
1181 4455 1331 4519 turbatam,
1342 4468 1435 4509 eunies
1451 4453 1608 4522 respondit:
1622 4471 1632 4504 ι
1647 4452 1729 4520 Quasi
1744 4454 1972 4510 urrademulieri-

341 4533 477 4592 haereticis
494 4543 521 4591 et
546 4538 792 4593 excurrimunicatis
814 4539 931 4595 libenter
957 4541 1128 4615 adimpleret,
1180 4547 1232 4603 bus
1245 4547 1312 4602 estis
1327 4545 1435 4611 loeuta;
1451 4543 1639 4615 putatisenim
1654 4545 1728 4616 quod
1744 4561 1820 4601 ruore
1834 4544 1973 4618 Hispano-

341 4635 372 4679 ut
385 4641 436 4682 nos
451 4626 612 4685 immunitos
620 4629 747 4685 redderet
755 4639 781 4686 et
793 4646 920 4697 securos:
938 4635 985 4689 sad
1000 4638 1129 4706 quianon
1181 4658 1241 4697 rum
1254 4656 1404 4711 seqrramur
1419 4639 1523 4695 sonnio
1535 4638 1578 4694 rel
1593 4639 1717 4710 auguria.
1729 4637 1809 4694 Certe
1821 4647 1849 4694 et
1861 4639 1885 4708 si
1895 4655 1973 4694 som-

341 4718 376 4775 sit
388 4720 532 4789 petulentia
546 4738 596 4780 nec
606 4724 752 4779 consilium
766 4734 861 4781 contra
873 4726 1020 4782 bominum
1034 4727 1127 4800 (Prae.
1144 4704 1167 4761 ὓ
1182 4737 1301 4792 niassem
1318 4736 1370 4791 hac
1386 4743 1466 4790 nocte
1480 4749 1523 4789 une
1537 4733 1755 4788 interficiendum
1770 4747 1830 4788 esse
1843 4732 1872 4787 in
1896 4733 1972 4789 bello

342 4813 399 4883 ιιι)
415 4815 453 4870 rei
476 4816 566 4872 exitus
580 4818 788 4874 demonstrarit.
807 4818 859 4876 Per
874 4821 899 4875 id
924 4831 1041 4891 ternpus,
1057 4838 1129 4893 saepe
1181 4825 1297 4896 arlqrrod
1315 4839 1443 4896 propero,
1470 4824 1595 4880 securius
1619 4833 1646 4879 et
1668 4823 1798 4879 libentius
1825 4824 1906 4891 irem,
1941 4833 1972 4881 ut

341 4914 510 4960 memoratus
527 4923 575 4963 rex
587 4909 797 4981 Arragoneusls,
817 4920 848 4966 ut
862 4912 1032 4984 iniquitatem
1045 4930 1128 4985 quam

342 5005 437 5053 eontra
461 4998 601 5057 Christum
628 5015 655 5059 et
682 5020 749 5062 suos
775 5017 939 5079 conceperat
967 5009 1128 5079 parturiret,

340 5105 469 5160 egressus
479 5092 512 5146 rie
527 5101 597 5148 terra
622 5110 671 5149 sua
688 5112 749 5151 eum
776 5098 883 5154 iuhuitu
898 5101 1021 5171 equitum
1037 5103 1130 5157 multi·

341 5183 435 5240 tudine
449 5183 589 5255 ingressus
600 5196 643 5241 est
666 5186 852 5255 Wascouiarn,
863 5191 974 5259 'toleras
991 5192 1013 5248 si
1024 5203 1128 5262 posset,

340 5285 428 5331 totam
442 5285 553 5345 terram,
573 5295 634 5348 quae
665 5280 774 5350 perlici
799 5284 916 5353 gratiam
944 5293 971 5340 et
993 5286 1127 5342 auxilium

340 5369 596 5442 crucesignatorum
608 5370 698 5428 iuerat
710 5374 855 5444 acquisita,
869 5376 1005 5432 haereticis
1016 5377 1130 5435 reddere

339 5471 368 5519 et
382 5479 434 5520 suo
448 5464 568 5521 dominio
580 5467 736 5538 subjugare.
762 5467 904 5539 ingressus
931 5468 1000 5526 hares
1014 5469 1129 5528 Wasco·

341 5557 405 5623 nire,
419 5559 503 5629 coepit
526 5559 637 5616 tendere
649 5576 746 5617 tersus
757 5559 904 5629 Tolosam;
933 5562 1011 5633 plura
1038 5572 1129 5619 autem

1181 4918 1302 4975 stultitiae
1316 4916 1500 4987 llispanorum
1513 4924 1541 4971 et
1552 4916 1694 4972 homiuum
1708 4925 1786 4970 terrae
1802 4916 1895 4985 hujus,
1921 4916 1970 4988 qui

1181 5011 1287 5065 somnia
1303 5018 1411 5075 curant,
1437 5017 1465 5065 et
1482 5009 1597 5080 augnaria
1623 5007 1730 5078 plenius
1756 5011 1968 5064 contrairem.»

1180 5100 1229 5157 llis
1242 5100 1332 5168 dictis,
1343 5102 1528 5159 exiriteomes
1543 5117 1557 5157 a
1572 5099 1592 5156 F
1595 5100 1748 5166 anodovis,
1764 5108 1792 5155 et
1806 5102 1973 5171 properabat

1180 5209 1243 5249 cum
1257 5194 1315 5251 suis
1336 5211 1431 5251 versus
1444 5194 1651 5262 Saverdunum;
1665 5203 1692 5250 et
1706 5195 1770 5248 dum
1782 5202 1857 5249 esset
1872 5193 1900 5247 in
1913 5195 1971 5263 ria,

1180 5287 1256 5341 verrit
1269 5288 1302 5342 ad
1315 5303 1376 5341 eum
1402 5288 1515 5344 nuntius
1531 5288 1664 5343 missusa
1689 5287 1832 5352 militibus,
1863 5288 1913 5358 qui
1943 5290 1971 5344 iu

1181 5386 1273 5434 castro
1288 5378 1394 5435 liurelli
1409 5387 1488 5434 eraut
1507 5379 1625 5443 obsessi,
1641 5377 1731 5435 ferens
1743 5393 1839 5434 eorum
1864 5380 1973 5437 litteras

1182 5472 1353 5528 continentes
1365 5472 1439 5543 quod
1452 5488 1496 5528 rer
1524 5472 1697 5541 Arragonum
1724 5471 1897 5527 ohsidionem
1924 5473 1973 5528 lir-

1182 5575 1285 5622 masset
1300 5575 1364 5622 aute
1385 5565 1540 5621 liurellum.
1567 5564 1628 5632 Quo
1647 5565 1752 5630 audito,
1767 5581 1864 5622 omnes
1881 5569 1971 5623 nostri

341 5649 453 5705 castella
467 5650 632 5720 Wascuuiae,
649 5668 698 5723 per
711 5669 773 5725 quae
787 5656 933 5710 transitum
950 5655 1076 5724 iaciebat,
1097 5659 1131 5712 ti·
1179 5661 1237 5731 iarn
1253 5660 1286 5715 dc
1302 5658 1393 5713 hrtrtra
1414 5658 1526 5714 victoria
1542 5673 1618 5728 spem
1635 5659 1775 5725 habentes,
1795 5659 1881 5728 gavisi
1904 5669 1972 5717 sunt

342 5754 420 5797 more
434 5740 496 5812 ejus
509 5744 685 5800 reddiderunt
698 5760 728 5800 se
742 5745 792 5800 illi.
802 5746 874 5813 Quid
887 5746 957 5801 ultra
968 5747 981 5789 l
991 5748 1059 5803 htin
1075 5756 1131 5803 tota
1181 5753 1269 5808 ualde.
1289 5752 1386 5806 Statim
1408 5765 1500 5806 eomes
1525 5751 1666 5807 mandarit
1689 5753 1923 5824 comitiumque
1944 5765 1974 5813 ct

342 5843 418 5893 terra
436 5837 483 5894 illa
498 5854 589 5896 sermo
615 5841 649 5897 de
665 5842 782 5896 adventu
811 5840 883 5911 regis
911 5840 1129 5907 cdeterrimus;
1182 5845 1241 5914 ipsa
1255 5841 1730 5911 recedensaFauoluvis,tendebat
1746 5844 1971 5917 carcassonam:

344 5930 464 6001 gaudent
478 5928 614 6005 indigene
627 5933 730 6003 plures,
741 5934 1018 6004 plurcsapostatant;
1033 5934 1130 6005 reliqui
1184 5937 1284 5994 milites
1294 5944 1429 6009 ιιιιοῑιμιοι
1446 5936 1535 6006 potuit
1551 5939 1735 6010 congregarit.
1759 5937 1875 6010 Rogavit
1890 5940 1972 5998 iusu-

345 6019 381 6076 ad
409 6025 619 6094 apostatandum
644 6041 674 6084 se
700 6035 807 6100 parant.
838 6027 896 6086 hex
918 6036 1009 6085 autem
1023 6027 1126 6101 impius
1183 6044 1231 6102 per
1246 6028 1393 6102 quemdam
1423 6028 1541 6086 nobilem
1566 6028 1599 6086 de
1623 6029 1749 6098 Fraude,
1776 6028 1971 6091 vicecomitem
