4350 6709
302 601 355 660 87
930 597 1094 656 attalus.
1113 624 1149 640 -·
1166 596 1231 653 tto.
1251 595 1298 652 tt.
1875 599 1932 658 250

307 716 454 773 minaturr
468 727 520 770 nos
533 727 599 785 ergo
610 711 658 784 qul
673 711 755 783 longo
772 720 894 784 ternpore
908 713 935 768 in
948 714 1000 771 troc
1015 729 1094 769 mun·
1108 719 1133 778 Α
1145 709 1204 766 suis
1216 709 1270 767 diis
1284 719 1311 765 et
1334 708 1446 782 regibus
1468 725 1581 768 suorum
1598 709 1733 768 bonorum
1754 710 1931 785 quadragesi·

301 809 340 865 do
352 804 533 864 subdiabolo
551 804 725 871 servivimus,
742 806 789 861 sed
806 822 854 879 per
866 807 1006 865 christum
1020 808 1089 864 libe·
1143 816 1216 857 taam
1230 801 1431 874 persolvebant,
1449 818 1531 874 quarn
1544 812 1571 861 et
1582 803 1662 860 bodie
1678 801 1770 860 teneti
1786 804 1930 862 naualibus

302 897 368 964 rati,
402 895 483 968 eujus
506 908 622 966 corpore
641 897 791 965 pascimur,
815 907 844 952 et
865 899 998 972 sanguine
1012 910 1091 971 pota-
1141 893 1170 950 ln
1197 893 1309 949 teloneis
1333 903 1507 966 extorquent,
1530 902 1558 950 et
1575 894 1635 950 iden
1650 894 1718 951 lorte
1742 895 1928 969 aritugenti·

307 1004 372 1046 mur
384 988 421 1055 ⁸⁸,
445 1003 495 1060 pet·
515 986 716 1044 observantiam
736 989 828 1044 decem
843 998 1051 1058 praeceptorum,
1063 999 1091 1047 et
1140 987 1207 1043 liuta
1234 986 1287 1044 boc
1312 995 1420 1057 tempus
1435 1003 1490 1043 non
1515 987 1660 1054 decimam,
1688 989 1735 1044 scd
1754 988 1929 1060 quadragesi-

301 1091 424 1156 quatuor
438 1081 658 1153 Evangeliorum,
670 1096 731 1152 quae
744 1081 921 1152 multiplicata
934 1084 1087 1154 quadrage·
1140 1100 1212 1140 mam
1224 1085 1409 1141 nominamus.
1421 1083 1491 1141 lluic
1511 1094 1602 1140 tamen
1623 1084 1700 1141 limae
1714 1085 1742 1139 ln
1753 1083 1862 1139 lllllllll
1872 1084 1928 1142 die·

302 1174 414 1232 narium
428 1171 544 1240 iaciunt,
557 1173 590 1228 ad
603 1182 702 1229 terram
714 1173 783 1228 lacte
794 1182 820 1228 et
832 1175 910 1229 melle
922 1185 1088 1241 manantem,
1140 1177 1195 1234 bus
1212 1177 1240 1232 in
1256 1177 1362 1249 jejunio
1375 1186 1493 1249 quatuor
1505 1179 1691 1248 praecedentes
1705 1179 1764 1234 dies
1776 1179 1926 1246 adduntur,

300 1266 411 1324 scilieet
421 1265 457 1320 ad
469 1265 625 1335 paradisum
648 1265 738 1320 redire
753 1265 893 1321 debemus.
911 1264 1003 1337 ltaque
1016 1269 1089 1324 cele·
1140 1268 1168 1325 in
1188 1271 1319 1326 memoria
1340 1286 1435 1326 eorum
1462 1278 1592 1342 quatuor,
1609 1285 1671 1341 qua
1697 1285 1750 1326 nos
1776 1270 1928 1328 incurrisse

301 1355 417 1416 brantes
442 1357 514 1412 itanc
529 1356 784 1426 Quadragcsimam,
799 1367 825 1412 ct
846 1357 906 1414 illos
918 1373 1005 1415 annos
1019 1375 1089 1431 qua·
1140 1360 1275 1433 lugemus,
1293 1363 1397 1419 scilicet
1409 1363 1483 1434 quud
1508 1371 1619 1432 propter
1634 1377 1726 1418 eseam
1741 1362 1775 1418 de
1798 1362 1928 1433 paradiso

302 1444 434 1515 draginta
450 1444 608 1510 recolimus,
619 1453 646 1498 et
659 1455 780 1500 nostram
794 1448 977 1504 reversionem
989 1449 1023 1504 ad
1040 1465 1089 1520 pa·
1141 1467 1238 1509 sumus
1263 1453 1353 1522 ejecti,
1368 1453 1443 1524 quod
1456 1453 1564 1509 bestiali
1591 1454 1652 1509 cibo
1666 1452 1779 1519 addicti,
1796 1453 1869 1525 quod
1882 1453 1928 1509 bis

302 1537 387 1592 triam
400 1536 598 1608 significamus.
618 1534 671 1593 Sed
681 1538 811 1607 quostiam
822 1550 951 1595 exeuntes
965 1540 999 1597 ab
1010 1540 1091 1614 AEgy·
1139 1545 1228 1615 poerris
1239 1545 1341 1612 afflicti,
1356 1546 1429 1617 qnod
1452 1545 1523 1616 apud
1535 1553 1639 1599 tartara
1669 1545 1766 1600 durius
1777 1543 1927 1615 affligendi,

301 1636 349 1700 pto
364 1643 416 1700 per
439 1642 494 1683 autu
508 1629 665 1685 mansiones
679 1637 778 1684 terram
795 1631 984 1700 promissionis
1005 1634 1091 1690 intra·
1139 1634 1182 1690 rel
1193 1636 1228 1690 ad
1243 1635 1448 1707 intelligentiam
1469 1642 1588 1706 quatuor
1608 1633 1737 1690 ordinum
1759 1649 1828 1704 quos
1843 1633 1869 1687 ln
1883 1631 1927 1703 ju·

299 1736 365 1777 vere
379 1722 415 1787 ⁸⁸,
429 1727 458 1776 et
470 1733 534 1775 mox
553 1718 658 1776 Pascha
673 1720 854 1791 celebravere,
875 1723 937 1779 ideo
948 1724 1017 1781 duas
1031 1727 1091 1783 dies
1139 1723 1212 1779 dicio
1240 1724 1334 1779 luturo
1357 1723 1522 1781 videbimus.
1535 1721 1645 1780 Primus
1660 1725 1713 1781 erit
1730 1724 1926 1795 iudicantium,

300 1807 437 1863 addentes
448 1817 509 1878 post
521 1824 577 1863 mu
591 1809 649 1865 dies
662 1807 767 1866 Pascha
779 1809 887 1867 Domini
908 1812 1088 1882 celebramus,
1139 1815 1169 1873 lui
1183 1826 1247 1873 sunt
1260 1816 1390 1887 perlecti;
1406 1818 1543 1874 secundus
1561 1816 1752 1887 perjudicium
1765 1815 1927 1887 judicando-

300 1908 327 1956 et
339 1899 369 1956 in
386 1900 433 1956 die
444 1915 527 1971 quam
539 1900 604 1957 lecit
615 1899 747 1958 Dominus
758 1904 969 1961 exsultamus⁸⁸.
985 1904 1013 1961 st
1028 1906 1091 1978 quis
1139 1922 1213 1975 rum,
1230 1906 1257 1961 bt
1281 1917 1346 1964 sunt
1360 1907 1514 1978 corrjugati;
1538 1907 1634 1962 tertius
1655 1915 1696 1962 est
1722 1907 1926 1972 damnaturum,

298 2007 366 2065 ergo
383 1991 497 2049 festinat
519 1993 554 2049 ad
574 1993 690 2064 patriam
711 1995 746 2063 ⁸⁸,
765 1995 838 2052 hunc
864 2012 1009 2053 numerum
1033 2007 1090 2054 sata
1142 1997 1171 2054 bi
1195 2007 1260 2054 sunt
1282 1997 1434 2067 increduli;
1450 2008 1566 2070 quartus
1586 2006 1629 2056 est
1651 1999 1881 2065 damnandorum,
1896 1995 1926 2051 bi

298 2094 364 2157 agat
391 2085 552 2157 adimplere.
568 2083 670 2142 Eodem
681 2102 791 2158 quoque
803 2102 918 2144 numero
934 2090 1091 2163 gertealogia
1105 2079 1127 2136 Β
1141 2097 1206 2145 sunt
1217 2089 1312 2145 lideles
1324 2089 1404 2146 bonis
1414 2091 1544 2161 operibus
1559 2090 1650 2159 vacui,
1664 2091 1708 2147 vel
1720 2092 1811 2161 potius
1833 2102 1927 2145 mora·

299 2176 414 2235 lionriui
442 2194 457 2236 a
484 2177 611 2236 llattbaeo
649 2180 814 2237 describitur
837 2181 871 2248 ⁸⁸,
897 2181 1027 2240 bochonia
1048 2185 1091 2242 bis
1139 2180 1212 2249 liter,
1223 2190 1254 2238 ut
1265 2182 1399 2253 quidquid
1411 2197 1445 2237 ea
1456 2181 1568 2238 lascivia
1585 2191 1703 2253 quatuor
1714 2183 1924 2245 elementorum,

299 2279 475 2342 computata
508 2270 607 2343 siquis
625 2286 691 2343 ergo
706 2272 903 2343 desideratper
924 2273 1090 2343 baptismum
1140 2274 1273 2345 quidquid
1301 2283 1430 2344 praeterea
1457 2274 1486 2328 in
1511 2282 1630 2345 quatuor
1656 2273 1827 2345 temporibus
1847 2271 1925 2336 anni,

299 2362 447 2434 pervenire
474 2361 508 2416 ad
536 2360 688 2427 Clrristurn,
716 2361 763 2418 illo
793 2362 900 2419 numeri
917 2374 1091 2420 sacramento
1139 2366 1274 2439 quidquid
1289 2367 1317 2421 in
1338 2374 1457 2436 quatuor
1470 2366 1616 2422 curriculis
1630 2366 1694 2432 diei,
1719 2374 1815 2422 contra
1830 2365 1927 2422 abscr-

301 2451 456 2525 perreniat,
473 2451 547 2507 sicut
570 2449 753 2522 lliemnpnaus
777 2450 826 2519 ait,
848 2464 904 2521 quo
930 2449 1090 2508 liominusa
1138 2456 1260 2514 santiam
1284 2467 1403 2528 quatuor
1425 2455 1635 2527 Evangeliorum
1661 2455 1927 2521 comitiisimus,bo-

301 2543 460 2616 patriarcba
486 2543 611 2614 pervenit
637 2543 670 2597 ad
682 2541 826 2613 virginem,
850 2541 929 2613 quasi
945 2543 979 2598 ad
992 2541 1090 2599 tonta·
1140 2561 1201 2605 rura
1213 2558 1331 2620 quatuor
1342 2548 1448 2604 dierum
1459 2547 1768 2619 jeiurtiiscrnendcmus,
1779 2548 1823 2603 sel
1835 2556 1866 2603 ut
1877 2560 1926 2617 per

301 2651 379 2701 uem,
396 2635 446 2708 qui
461 2635 542 2707 pleno
555 2636 662 2708 gurgite
689 2634 779 2692 duens
794 2633 913 2706 Spiritus
927 2635 1014 2692 sancti
1028 2650 1092 2707 gra·
1140 2650 1258 2712 quatuor
1269 2640 1382 2697 virtutes
1395 2656 1445 2696 nos
1458 2640 1491 2696 ad
1502 2640 1637 2712 jejunium
1650 2639 1807 2708 fulciamus,
1825 2649 1856 2696 ut
1867 2638 1928 2695 aul·

300 2729 347 2786 tiis
362 2727 547 2784 redundabat.
571 2725 610 2782 Ex
625 2728 668 2784 bis
682 2737 772 2784 autem
785 2742 840 2782 xtra
855 2727 961 2796 diebus,
976 2743 1024 2784 sea
1035 2727 1091 2787 Do-
1140 2748 1196 2801 ma,
1208 2749 1269 2806 quae
1279 2743 1397 2805 quatuor
1416 2734 1552 2790 mortibus
1568 2734 1751 2805 cogitationis,
1765 2734 1925 2800 locutionis,

298 2823 412 2881 auinicae
424 2836 441 2876 a
454 2819 759 2892 jejuniisercipiuntur,
774 2833 838 2873 uam
849 2832 897 2888 per
909 2818 1090 2889 quadraginta
1141 2826 1320 2896 operationis,
1343 2826 1553 2882 consuetudinis
1564 2826 1607 2882 rel
1630 2824 1847 2896 impoerritudinis
1861 2840 1924 2882 nto·

300 2927 349 2968 sex
359 2909 549 2968 hebdomadas
557 2909 701 2964 babentem
714 2916 800 2964 totum
813 2907 897 2978 hujus
908 2908 970 2965 vitae
982 2917 1089 2979 tempus
1139 2917 1221 2982 ritur,
1235 2931 1331 2973 earum
1352 2917 1453 2974 auxilio
1474 2918 1641 2985 sublevetur,
1657 2926 1685 2973 et
1705 2917 1746 2973 sic
1766 2916 1859 2972 verius
1873 2917 1926 2973 boc

300 3004 468 3076 accipimus,
497 3003 540 3058 vel
564 3002 628 3072 quia
656 3009 748 3070 surget
774 3001 802 3056 in
825 3001 1089 3073 quinquagenarium
1138 3007 1275 3080 ieiunium
1300 3007 1510 3080 quadragesima
1535 3008 1703 3076 nominatur,
1727 3007 1754 3064 in
1773 3007 1924 3079 quoquid-

297 3097 408 3156 calculo
437 3094 681 3168 multiplicationis,
697 3093 739 3149 vel
754 3093 819 3165 quia
841 3093 877 3150 sit
892 3103 999 3164 tempus
1021 3094 1091 3150 adli·
1140 3098 1206 3170 quid
1234 3108 1329 3155 contra
1352 3098 1438 3171 legem
1466 3109 1493 3154 et
1522 3098 1700 3171 Evangelium
1729 3099 1925 3170 delinquimus,

299 3190 488 3255 ctionis,vita
512 3202 640 3244 verosex
657 3185 783 3242 aetatibus
804 3186 900 3241 mundi
917 3187 1091 3244 velhominis
1139 3191 1287 3247 emendare
1311 3198 1446 3259 tenemur,
1470 3191 1671 3251 veldcnarium
1692 3190 1860 3262 lisoquater
1882 3191 1927 3247 ol·
1966 3224 1992 3267 3

298 3283 439 3348 variatur,
462 3280 490 3335 in
515 3279 637 3350 qualibet
660 3278 723 3333 licet
739 3278 930 3335 universaliter
956 3279 1011 3335 sint
1025 3279 1090 3336 aldi·
1140 3283 1266 3353 ierimus,
1281 3290 1312 3338 ut
1324 3298 1375 3354 pro
1387 3283 1555 3354 quotidianis
1574 3284 1695 3355 peccatis
1709 3292 1830 3339 nostram
1841 3230 2004 3367 uisci-ist

296 3374 419 3439 diones,
433 3372 535 3442 aliquid
547 3380 637 3428 tamen
653 3368 800 3425 babuimus
818 3370 1026 3435 consolationis,
1041 3371 1088 3427 ubi
1139 3377 1242 3448 plinam
1268 3375 1427 3431 memoriter
1457 3384 1486 3430 et
1507 3376 1630 3431 devotius
1644 3376 1834 3432 observemus.
1852 3374 1926 3442 Qua·

296 3464 327 3522 in
343 3465 437 3537 prirna
456 3464 642 3522 delectabatur
655 3464 741 3520 auam
771 3464 799 3519 in
813 3463 943 3533 paradiso
953 3463 988 3519 ⁸⁸.
1004 3461 1032 3517 la
1048 3423 1125 3520 sec
1140 3468 1262 3524 ternario
1275 3482 1401 3534 numero,
1423 3475 1453 3522 ut
1474 3466 1513 3522 ait
1533 3465 1714 3538 Augustinus,
1723 3467 1821 3522 diurna
1835 3477 1863 3522 et
1876 3483 1926 3523 an-

298 3556 394 3612 eunda
419 3553 725 3612 lloecousolabaturin
739 3554 904 3626 camclysnro
919 3553 954 3607 ⁸⁸.
969 3552 1089 3610 latentia
1140 3576 1196 3617 nua
1222 3558 1360 3616 curricula
1384 3568 1571 3631 peraguntur;
1596 3559 1654 3615 dies
1674 3559 1747 3614 enim
1771 3561 1925 3631 matutinis,

297 3645 404 3720 loseph
425 3646 584 3705 lsraelem
606 3645 679 3703 sante
698 3648 823 3703 liberavit
837 3647 871 3701 ⁸¹·
884 3644 913 3701 ln
928 3653 1025 3716 quarta
1040 3644 1091 3702 Su·
1140 3652 1308 3719 meridianis,
1322 3651 1485 3721 vespertinis
1505 3658 1532 3706 et
1554 3651 1698 3708 nocturnis
1722 3651 1818 3708 deduit
1830 3654 1925 3722 lrouis3

301 3739 399 3798 lornon
415 3741 444 3796 in
466 3755 534 3809 pace
549 3742 673 3812 regnavit
687 3740 720 3794 ⁸⁸.
736 3739 765 3823 ln
781 3739 877 3811 quinta
894 3739 928 3795 de
940 3735 1091 3811 babylonia
1141 3760 1231 3801 annus
1245 3758 1310 3800 vero
1325 3743 1426 3798 labitur
1439 3743 1541 3809 ventris,
1558 3744 1668 3835 astionis,
1683 3745 1887 3802 autumnalibus
1898 3757 1927 3803 et

301 3835 409 3894 reversi
435 3850 532 3892 sumus
543 3836 576 3890 ⁸⁸.
598 3833 627 3889 ln
642 3842 718 3890 sexta
732 3832 871 3903 desponsi
884 3833 1029 3903 prasentia
1041 3847 1090 3886 ca·
1141 3836 1304 3894 hiemalibus
1324 3835 1475 3901 mensibus,
1488 3835 1514 3890 in
1529 3835 1630 3906 quibus
1644 3836 1771 3893 omnibus
1785 3837 1821 3893 ab
1831 3853 1926 3895 amore

299 3930 467 3989 saltavimus
482 3928 524 3997 ⁸⁸3
538 3927 591 3994 rel,
608 3929 710 3984 licetiu
725 3926 839 3997 singulis
850 3925 952 3981 nostris
965 3925 1090 3981 aetatibus
1140 3928 1306 3984 retrahimur
1327 3937 1503 3990 aeternorum,
1520 3935 1547 3982 ct
1567 3927 1628 3983 ideo
1653 3944 1700 3999 per
1717 3931 1925 4000 quaternarium

301 4023 508 4093 delinquamus,
532 4021 604 4076 unde
625 4029 653 4075 et
678 4020 706 4074 in
724 4019 839 4089 singulis
853 4017 936 4088 hujus
959 4019 1090 4088 temporis
1140 4019 1329 4092 quotidianum
1342 4033 1485 4075 excessum
1501 4017 1678 4089 intelligimus
1689 4021 1861 4081 delictorum.
1874 4022 1928 4078 De-

300 4114 533 4181 bebdomadibus,
555 4123 583 4169 et
599 4113 752 4184 plangendo
775 4111 953 4178 canimus,et
967 4110 1089 4167 currendo
1139 4113 1235 4168 narius
1253 4119 1419 4168 renotatam
1449 4119 1573 4167 nostram
1595 4114 1716 4169 continet
1740 4115 1924 4186 disciplinam.

300 4209 471 4282 plangimus,
495 4215 523 4262 et
548 4220 660 4263 carnem
674 4204 821 4261 criminum
837 4204 1003 4260 incentivam
1015 4202 1089 4273 jeju·
1139 4201 1219 4273 Nam,
1235 4213 1265 4260 ut
1275 4204 1346 4260 idem
1358 4204 1456 4261 asserit
1472 4203 1650 4277 Augustinus,
1659 4206 1797 4264 Creatoris
1808 4219 1836 4266 et
1848 4225 1926 4266 erea-

300 4302 360 4359 niis
373 4300 537 4372 affligimus,
550 4307 640 4355 maren
661 4312 710 4368 per
728 4311 774 4352 ser
789 4309 872 4366 opera
895 4294 1091 4352 misericordiae
1140 4304 1210 4352 turae
1233 4295 1347 4353 scientia
1368 4296 1506 4367 significat
1529 4312 1590 4369 quar
1603 4298 1639 4355 ad
1664 4298 1789 4358 homines
1808 4303 1927 4373 pertinet

304 4404 419 4468 peccata
432 4392 606 4465 corrigimus,
625 4399 652 4446 et
667 4396 841 4460 pcccatorum
858 4388 965 4443 veniam
980 4376 1091 4459 pruine·
1139 4387 1319 4453 erudiendos;
1331 4402 1394 4442 nam
1412 4388 1527 4444 scicntia
1547 4396 1575 4444 et
1588 4389 1730 4462 disciplina
1747 4400 1790 4449 est
1804 4401 1833 4448 ut
1845 4408 1926 4452 erea-

299 4502 409 4554 remur,
425 4485 553 4542 undesea
570 4481 721 4538 Dominicis
732 4480 905 4536 addictionem
919 4479 1089 4551 ieiuniorum
1139 4489 1201 4535 tura
1217 4478 1318 4534 serviat
1351 4477 1483 4534 Creatori.
1510 4477 1626 4541 Creator
1644 4479 1717 4537 Deus
1735 4491 1788 4548 est,
1811 4497 1845 4539 ex
1870 4499 1926 4556 quo

300 4579 482 4637 absolvimus.
495 4575 544 4633 llel
565 4575 635 4632 torte
660 4574 687 4629 in
705 4572 864 4629 memoriam
880 4570 1028 4630 dominicae
1050 4589 1091 4630 re
1139 4571 1243 4637 omnia,
1270 4584 1320 4642 per
1342 4584 1423 4642 quem
1437 4570 1539 4638 amnia,
1560 4572 1654 4643 inquo
1676 4573 1767 4629 omnia
1778 4574 1812 4642 ⁸⁸,
1827 4583 1855 4632 et
1865 4576 1927 4643 ideo

302 4671 498 4738 annectionis,
523 4679 551 4725 et
565 4685 615 4740 pro
631 4680 678 4740 spe
695 4657 798 4727 nostrae
813 4670 1023 4727 resurrectionis
1038 4669 1091 4724 lroc
1137 4659 1259 4721 Trinitas
1281 4658 1373 4725 Pater.
1397 4667 1424 4714 el
1441 4657 1537 4725 Filius.
1554 4669 1582 4715 el
1603 4658 1723 4730 Suillius
1750 4671 1863 4720 sanctus
1880 4665 1926 4720 bie

300 4765 441 4822 tantillum
457 4763 487 4817 ln
517 4770 611 4818 nostro
624 4761 688 4818 lietu
704 4763 871 4834 percipimus
882 4761 1088 4819 consolationis.
1105 4753 1241 4829 „cottum
1253 4751 1288 4806 ab
1302 4749 1406 4816 ²¹tim⁰r
1429 4750 1478 4819 l1¹¹¹
1510 4765 1572 4805 eum
1594 4751 1683 4822 (illidii
1707 4766 1741 4808 21
1759 4760 1816 4809 101⁰
1832 4754 1925 4824 wude.

301 4857 358 4914 sex
372 4858 466 4926 itaque
483 4852 580 4911 diebus
594 4868 610 4908 a
629 4853 735 4924 jejunio
746 4854 780 4909 de
795 4869 850 4910 xtra
862 4854 992 4924 exceptis,
1005 4867 1089 4917 xxxva
1141 4851 1197 4900 told
1214 4843 1306 4898 aalma
1319 4850 1347 4896 ⁸³⁸
1361 4849 1419 4897 ²0¹³
1435 4848 1524 4895 menie
1537 4841 1570 4895 '¹-

300 4955 441 5011 duntaxat
468 4954 611 5003 mmanent
649 4946 677 5000 in
702 4945 819 5017 Jejunio,
845 4946 957 5000 bisunt
983 4943 1088 4998 decima
1177 4934 1240 4989 llaec
1255 4933 1307 4990 tria
1321 4940 1386 4988 suut
1404 4949 1411 4987 :
1428 4932 1519 4987 animo
1538 4944 1637 5002 corpus
1660 4931 1804 5005 subjicitur
1826 4934 1860 4992 ad
1882 4951 1926 4993 re-

301 5046 411 5103 dieram
425 5046 550 5095 nostrum
568 5053 670 5093 ccccxv
684 5052 798 5094 numero
808 5035 1032 5101 decurrentiunr;
1044 5033 1087 5088 di·
1141 5027 1260 5102 gendum
1277 5024 1465 5081 exclamantis
1479 5032 1597 5095 quatuor
1609 5026 1839 5097 enrnpaginatum.
1854 5025 1926 5099 Ergo

301 5150 390 5208 gnum
415 5133 490 5189 eninr
506 5130 607 5195 luerat,
629 5131 719 5204 utqui
741 5129 847 5186 dealiis
874 5125 1088 5184 rebusdeeimas
1142 5120 1322 5196 quadraginta
1345 5117 1444 5174 diebus
1459 5117 1602 5189 jejunare,
1624 5125 1667 5173 est
1688 5119 1761 5174 lrunc
1784 5121 1926 5176 denarium

301 5227 417 5293 damus,
443 5224 527 5280 etiarn
540 5223 574 5279 de
589 5223 689 5278 diebus
711 5223 844 5279 decimam
873 5220 1049 5285 solveremus,
1060 5225 1091 5272 ut
1141 5224 1238 5288 quater
1260 5215 1377 5280 ducere,
1393 5210 1499 5267 scilieet
1514 5210 1593 5267 nobis
1619 5213 1803 5283 temporaliter
1825 5213 1926 5267 cundr-

300 5318 440 5392 qrridquld
455 5317 516 5374 aliis
529 5318 698 5387 temporibus
710 5324 804 5373 contra
813 5315 861 5373 liei
874 5322 1008 5386 praecepta
1021 5326 1091 5382 per·
1142 5321 1228 5371 mate.
1244 5311 1271 5360 0²
1285 5299 1445 5371 ⁸⁰¹⁰P⁰⁸⁸¹⁸³
1464 5301 1611 5355 0⁰¹¹⁸⁸¹⁸⁸⁵⁵⁸
1624 5316 1672 5370 l)⁸⁸⁸
1686 5302 1759 5356 '¹⁰⁸⁰
1772 5300 1925 5367 d0¹¹²⁸⁸¹¹¹¹ts

307 5411 430 5484 emmas,
442 5407 610 5465 bacdier'um
628 5410 924 5481 decimaeorrigamus,
936 5407 1008 5461 unde
1023 5405 1092 5460 torte
1143 5401 1170 5457 id
1189 5404 1231 5454 cst
1257 5395 1410 5461 servitium,
1424 5393 1497 5464 quod
1513 5401 1638 5449 creatura
1659 5391 1780 5446 Creatori
1800 5391 1927 5446 exbibeat

303 5502 358 5560 boc
382 5476 595 5574 tenipus⁵debet
606 5503 697 5574 potius
714 5501 820 5558 decima
841 5515 923 5571 quam
938 5498 1091 5569 quadrage·
1142 5490 1297 5551 emendare.
1311 5485 1360 5543 llel
1380 5487 1442 5544 ideo
1454 5485 1632 5557 quadraginta
1658 5483 1754 5539 dicbus
1767 5482 1926 5553 jejunamus

303 5599 375 5655 ,pm
387 5599 537 5655 nominari,
554 5599 607 5655 seq
619 5598 690 5655 sicus
700 5596 813 5654 flaepraet
826 5597 960 5654 aspamam
975 5608 1088 5651 suorum
1141 5585 1313 5644 orationibus
1341 5583 1537 5655 pravenientes
1558 5588 1589 5635 ut
1613 5580 1641 5635 in
1665 5578 1842 5650 sequentibus
1859 5594 1926 5650 qua·

304 5690 444 5750 beroem
464 5690 521 5749 ben
548 5707 657 5750 summo
668 5692 737 5764 Regi
762 5691 864 5748 dabant
876 5690 909 5759 ⁸⁸,
926 5689 966 5746 sie
985 5685 1089 5744 ethnici
1142 5679 1278 5752 draginta,
1293 5677 1428 5735 sciliceta
1443 5673 1648 5744 Pascbausque
1666 5673 1701 5727 ad
1715 5671 1923 5740 ascensionem,

360 5955 548 6017 ”lebaldi
583 5953 676 6014 ⁸⁸Jos.
695 5955 723 6011 5.
776 5952 956 6011 ⁸⁸Psal.ll'l.
992 5947 1139 6007 vitent.
1176 5948 1199 5982 ⁸¹
1212 5947 1307 6004 llattlr.
1324 5947 1351 6003 l.
1387 5941 1533 6000 ”cena
1580 5938 1603 5973 ⁸⁸
1617 5937 1684 5995 Gen.
1699 5938 1726 5995 8.
1762 5937 1867 5998 ⁸⁸(ieta.¹
1888 5929 1926 5992 41

307 6030 427 6090 etinlra.
479 6024 666 6101 “altrepa
712 6028 735 6060 ⁸⁸
753 6023 842 6084 lasa.
872 6025 885 6079 l
921 6020 1094 6080 ”ldattbla
1132 6017 1314 6077 ”tertaaa
1351 6016 1375 6050 ⁸⁸
1387 6009 1699 6105 beutsaj'ttattu.
1717 6007 1763 6067 ΞΩ.
