4350 6709
222 539 280 601 408
864 548 1030 606 utuntur.
1046 578 1081 589 -
1100 548 1166 606 ulo.
1186 546 1234 603 lX.
1801 543 1854 601 tto

222 672 300 720 ocae
314 660 524 728 mtemuizuur,
546 662 615 720 illud
629 673 737 737 tempus
756 665 898 737 recolitur,
913 666 942 722 in
957 679 1014 738 quo
1028 673 1107 733 Aest
1117 681 1166 740 per
1178 664 1221 721 bis
1233 663 1419 735 septingentos
1435 678 1543 720 annos:
1562 671 1602 718 tot
1615 662 1688 718 cuim
1700 661 1856 739 inveniun-

221 753 343 826 populus
352 753 381 810 in
393 761 466 812 terra
478 755 669 828 promissionis
693 758 856 829 gratulatur.
874 756 973 816 lunius
987 768 1015 816 ει
1037 761 1039 764 ’
1069 768 1114 817 tur
1139 775 1156 815 a
1172 769 1293 829 tempore
1305 754 1380 824 Nini,
1394 772 1410 812 a
1429 771 1484 828 quo
1503 771 1617 829 regnum
1641 753 1796 828 Babyloniae
1814 744 1856 809 in-

220 842 325 910 Juliuo.
342 847 371 902 in
394 845 495 919 quibus
508 846 621 904 historia
648 846 753 921 Reputo
767 849 875 923 legitur,
899 867 1013 924 rcqoum
1068 853 1151 924 cepit,
1167 866 1254 922 usque
1275 851 1311 907 ad
1334 848 1435 923 Cyrum
1460 864 1550 921 regem
1571 846 1727 914 Persarum,
1746 846 1775 901 in
1800 859 1856 916 quo

221 928 429 993 Sauletllarid
448 946 675 995 commemorant.
694 941 817 1011 Augusto
830 940 857 995 in
873 956 929 1012 quo
945 941 1013 998 liber
1066 944 1177 1002 deiecit.
1192 942 1221 1000 ln
1242 942 1345 1014 reliqua
1365 953 1443 1013 parte
1458 941 1637 1013 Septembris.
1654 955 1767 1010 reqnum
1789 936 1857 994 Per-

222 1024 373 1096 Sapientiae
385 1027 527 1095 recitatur,
554 1044 669 1102 regnum
697 1030 830 1101 sapientis
855 1031 1012 1095 Salomonis
1067 1052 1161 1094 sarum
1170 1033 1444 1102 innuitur.Quocirca
1456 1035 1517 1089 duae
1529 1032 1650 1088 bistoriae
1667 1033 1808 1105 leguntur,
1821 1045 1854 1088 eo

220 1117 392 1174 insinuatur.
407 1115 516 1190 Reliqui
530 1129 662 1191 quatuor.
676 1137 785 1178 menses
800 1137 882 1197 regna
907 1125 1012 1197 princi·
1066 1131 1141 1205 quod
1163 1147 1237 1190 nunc
1260 1131 1293 1187 de
1306 1129 1410 1198 Persis,
1437 1145 1510 1185 nunc
1523 1130 1557 1185 de
1581 1127 1666 1186 lledis
1683 1144 1762 1198 reqes
1777 1144 1856 1184 assu·

219 1208 294 1280 palia
308 1219 415 1280 notant,
433 1212 540 1270 scilicet
553 1213 751 1288 Babylonicum
771 1217 898 1285 orientis,
914 1217 1013 1276 Persa·
1066 1223 1211 1279 mebantur
1224 1241 1232 1291 ;
1246 1220 1359 1278 historia
1374 1219 1605 1287 biarbabreorum,
1621 1235 1682 1290 quae
1705 1219 1805 1290 legitur
1827 1217 1854 1272 iu

219 1318 294 1371 rum,
307 1304 381 1375 quod
391 1313 435 1362 est
456 1304 484 1361 in
506 1307 630 1376 meridie,
644 1307 812 1379 Graeeorum,
827 1313 900 1382 qood
920 1322 961 1368 est
983 1312 1011 1367 in
1064 1315 1187 1384 Octobri,
1204 1314 1361 1371 Graecorum
1386 1312 1522 1384 significat
1545 1328 1672 1384 regnum,
1687 1312 1739 1367 sub
1754 1310 1855 1381 quibus

217 1396 362 1468 aquilone,
378 1395 577 1469 Romanorum,
603 1400 677 1473 quod
693 1414 736 1460 est
750 1403 778 1459 in
793 1405 943 1462 occidente.
958 1404 1011 1479 lqi-
1064 1409 1215 1465 llacbabaei
1230 1408 1307 1463 luere
1326 1404 1429 1462 afflicti.
1443 1403 1493 1460 Per
1509 1402 1688 1460 Nouembrem
1701 1413 1729 1461 et
1743 1403 1856 1459 [leuem-

218 1499 266 1543 rur
281 1487 470 1560 bistoriaiob,
484 1507 546 1563 quae
559 1492 697 1565 legiturin
710 1493 863 1568 Septembri
879 1513 928 1567 per
940 1499 1010 1555 duas
1063 1499 1152 1565 brem,
1169 1501 1196 1556 in
1216 1500 1318 1570 quibus
1339 1498 1487 1570 prophetiae
1508 1497 1645 1566 loquutur,
1660 1512 1772 1569 rognum
1796 1486 1854 1553 llo·

218 1577 417 1645 hebdomadas,
443 1596 556 1653 regnum
579 1585 708 1656 exprimit
730 1587 854 1644 orientis.
874 1587 949 1644 Unde
973 1590 1010 1645 ibi
1063 1590 1429 1663 manorum,inquoClrristi
1442 1590 1537 1663 religio
1549 1588 1780 1661 rigetaccipitur.
1790 1587 1855 1645 Pro·

215 1669 486 1729 diciturzlirutoir
507 1674 553 1730 ille
567 1679 762 1748 mopnusinter
780 1697 869 1736 umam
892 1682 1011 1737 oriemu-
1064 1685 1237 1758 pluetlaevcro
1263 1682 1382 1738 maxime
1411 1682 1445 1736 de
1464 1679 1574 1736 Christo
1594 1681 1755 1753 loquuntur,
1775 1683 1855 1753 cujus

215 1761 255 1817 ier
273 1762 319 1830 ¹¹,
344 1775 372 1820 et
387 1766 485 1840 leqitur
504 1784 553 1840 per
577 1770 647 1827 duas
662 1771 858 1841 hebdomadas,
873 1775 939 1845 quia
964 1791 1010 1832 re·
1064 1777 1194 1834 nativitas
1208 1784 1249 1832 est
1264 1776 1291 1830 in
1319 1774 1374 1830 line
1397 1772 1473 1840 anni,
1496 1773 1567 1830 sicut
1586 1790 1700 1847 regnum
1715 1758 1855 1829 Ronmuoss

214 1870 305 1926 quum
326 1855 392 1913 illud
419 1857 529 1916 duravit
540 1861 610 1917 duas
630 1861 744 1920 annales
771 1864 966 1936 hebdomadas,
983 1868 1011 1924 id
1064 1885 1125 1924 rom
1141 1869 1169 1924 in
1185 1869 1239 1923 tine
1252 1866 1358 1922 mundi.

256 1970 279 2003 ¹¹
289 1970 351 2029 tob.
369 1974 396 2030 i.

815 2179 999 2340 cinna
1035 2247 1259 2343 nouus

357 2437 405 2499 Ite
419 2434 665 2502 Festiritatibus
681 2442 881 2511 sauctorum,
897 2445 930 2500 et
945 2441 1038 2530 prius
1054 2422 1180 2518 eorum,
1197 2460 1271 2524 qum
1285 2449 1361 2507 sunt
1375 2441 1415 2506 ab
1430 2444 1581 2508 advento
1598 2460 1702 2525 usque
1722 2504 1731 2517 ,

827 2518 868 2582 ad
885 2520 1091 2584 Nativitatem
1106 2522 1247 2586 Domini.

252 2845 263 2876 ι
281 2822 533 2882 exsultaremus
549 2825 576 2881 in
602 2828 698 2900 gloria,
713 2830 837 2885 laetarttes
864 2829 892 2885 in
906 2827 1005 2886 cubili·
1023 2831 1160 2898 nouaque
1173 2828 1353 2899 'propinquior
1371 2837 1470 2884 εεειει.
1484 2828 1637 2886 Adventum
1652 2829 1762 2889 Domini
1782 2828 1852 2888 leria
1892 2841 1894 2844 ’

213 2917 268 2975 bur
283 2918 344 2974 suis
360 2917 391 2974 ¹¹.
408 2938 417 2971 v
447 2918 591 2986 Quondam
612 2921 742 2990 viatores,
759 2921 825 2978 iacti
842 2931 908 2978 sunt
931 2936 1008 2978 oum·
1059 2922 1147 2990 priura
1175 2921 1263 2977 docet.
1283 2921 1371 2977 Aliam
1387 2922 1573 2993 praediximus,
1589 2937 1651 2978 cum
1671 2922 1705 2978 de
1724 2921 1852 2979 Adventu

213 3013 401 3082 prebensorcs
413 3013 445 3068 ¹¹.
464 3012 610 3080 Quondam
636 3015 774 3088 peregrini
800 3015 836 3082 ¹¹,
852 3013 916 3071 lacti
942 3023 1008 3071 sunt
1059 3011 1169 3067 bomini
1184 3021 1375 3069 tractaremus.
1403 3011 1498 3084 ltaque
1517 3012 1616 3070 lesturu
1640 3011 1716 3070 Beati
1733 3011 1855 3079 Andreas

214 3119 295 3177 repes
310 3104 452 3163 domestici
466 3107 506 3163 ¹¹:
521 3122 639 3177 quorum
666 3107 843 3165 exsultationi
859 3124 893 3164 co
913 3109 1007 3163 exsul·
1059 3106 1224 3176 quandoque
1236 3106 1364 3175 praecedit
1378 3106 1543 3173 Adventum,
1561 3107 1725 3177 quandoque
1743 3105 1769 3161 in
1789 3105 1849 3179 ipso

214 3204 256 3251 tat
275 3194 416 3263 Ecclesia,
443 3211 506 3254 eum
535 3213 632 3264 eorum
652 3200 772 3255 celebrat
796 3197 931 3255 natalitia.
953 3197 1006 3254 Sed
1057 3199 1214 3254 continetur
1226 3198 1363 3254 Adventu.

213 3304 281 3360 quta
307 3288 378 3345 sicut
402 3289 501 3346 cedrus
515 3289 611 3346 Libani
626 3289 852 3362 multiplicabitur
875 3289 904 3344 in
926 3287 1008 3345 domo
1119 3318 1122 3322 <
1307 3289 1441 3347 carui
1460 3288 1633 3347 Pillblllbl.

215 3380 327 3436 bomini
341 3382 374 3449 ¹¹,
391 3382 488 3438 saltem
500 3383 535 3440 de
551 3384 646 3456 paucis
660 3400 748 3456 pauca
765 3385 793 3441 in
804 3384 926 3440 medium
942 3398 1008 3457 pro·
1328 3403 1362 3442 on
1382 3402 1483 3443 srucro
1504 3402 1617 3443 tronea.

214 3474 402 3532 ieramuslle
428 3476 483 3534 illis
506 3493 572 3549 ergo
593 3479 815 3535 solemnitatibus
835 3487 1006 3546 sanctorum,
1093 3477 1168 3534 Beati
1197 3478 1314 3534 Andreae
1345 3480 1502 3548 passionem
1533 3480 1669 3549 scripsere
1697 3480 1850 3552 presbyteri

214 3585 277 3639 quae
306 3568 333 3623 in
352 3568 475 3626 Adventu
501 3571 678 3643 conringunt,
709 3572 761 3626 boc
783 3581 836 3637 est,
855 3570 1007 3626 secundum
1057 3570 1161 3638 Asiani,
1185 3570 1307 3641 ejusdem
1332 3570 1448 3626 Andreae
1468 3569 1607 3640 discipuli,
1629 3570 1751 3627 dicentes
1773 3571 1849 3642 quod

214 3662 363 3732 quosdam,
377 3663 537 3734 generaliter
557 3664 760 3720 observandum
782 3664 868 3736 qood,
889 3664 952 3720 licet
978 3664 1007 3720 in
1057 3663 1091 3718 du
1116 3663 1208 3719 crucis
1227 3662 1367 3734 mysterio,
1390 3671 1417 3717 et
1431 3661 1526 3716 altaris
1541 3660 1676 3718 sacritlcio
1690 3662 1847 3734 disputavit.

214 3755 335 3809 adventu
351 3755 593 3814 subdiaconalibus
608 3758 710 3814 tunicis
733 3768 760 3814 ct
784 3758 939 3814 dalmaticis
953 3756 1006 3814 Ee·
1058 3751 1086 3806 Ιιι
1101 3752 1204 3808 Achli‘d
1222 3753 1339 3809 multum
1354 3753 1485 3823 l>0lll¹¹¹¹¹¹¹
1502 3749 1658 3824 acquisivit,
1672 3755 1782 3810 landem
1797 3754 1849 3811 ⁸1¹¹)

214 3847 300 3904 clesia
315 3863 369 3904 non
383 3858 485 3918 utatur,
500 3861 528 3907 et
541 3851 575 3906 Te
599 3852 684 3908 deum
700 3853 854 3917 laudamus,
871 3851 965 3907 Gloria
978 3852 1007 3906 iu
1057 3844 1137 3917 Egara
1153 3844 1317 3916 proconsule
1340 3844 1432 3901 crucis
1455 3844 1608 3916 patibulum
1628 3845 1721 3901 subiit.
1746 3844 1776 3902 ln
1792 3862 1849 3918 quo

213 3939 339 4006 acerris,
356 3939 536 3998 ereremum
553 3952 593 3998 eu
618 3943 845 4009 interminantur,
864 3954 958 4002 tamen
978 3945 1006 4000 tn
1059 3938 1142 3994 biduo
1156 3933 1290 4008 perideus.
1304 3951 1356 3992 nec
1370 3933 1456 3990 neum
1471 3935 1594 4003 nouare,
1610 3949 1661 3990 uec
1684 3926 1785 4007 populo
1798 3937 1847 3993 de·

215 4032 288 4088 lesto
317 4033 412 4089 Sancti
427 4034 544 4093 Andreae
568 4047 597 4094 ει
613 4038 708 4094 Sancti
731 4038 844 4094 Tliomae
861 4038 1007 4108 praedictas
1058 4032 1104 4087 siit
1116 4029 1274 4102 praedicare.
1286 4027 1364 4085 Unde
1380 4028 1498 4100 populus
1509 4043 1599 4085 cuma
1619 4028 1782 4099 proconsule
1803 4045 1848 4087 rc·

215 4126 314 4181 laudes
330 4136 360 4182 et
384 4128 592 4198 qloriticatiunis
615 4131 733 4203 insignia
756 4148 811 4187 rum
826 4133 937 4201 onriltit,
958 4133 1006 4189 sed
1057 4124 1175 4194 volebat.
1187 4124 1300 4179 dicens:
1320 4139 1330 4175 ι
1347 4119 1564 4178 Conoedessobis
1581 4120 1719 4176 hminem
1730 4120 1846 4192 iusiura-

216 4221 320 4292 ubique
334 4222 361 4276 in
375 4223 416 4279 eis
428 4239 484 4280 εεε
506 4225 644 4282 immerito
656 4226 836 4293 solemnizat;
855 4227 883 4282 in
898 4227 1006 4283 caeteris
1020 4193 1040 4247 c
1058 4216 1151 4273 Redde
1165 4215 1246 4271 ¹¹⁰bl⁸
1259 4215 1567 4271 ¹10¹¹¹l¹¹0¹¹¹⁸²¹¹⁰¹¹¹ffl·’
1584 4212 1706 4280 nemum,
1718 4228 1781 4271 ⁰⁰¹⁰
1790 4211 1847 4271 ⁰0⁰

215 4328 283 4369 vero
305 4325 463 4371 sarretorum
490 4317 709 4374 solemnitatibus
729 4334 784 4373 uon
808 4319 857 4384 itu,
883 4319 937 4374 nisi
960 4320 1006 4374 uui
1057 4313 1159 4385 gratias
1173 4314 1293 4385 agervsiu
1308 4312 1431 4383 patibulo
1441 4313 1617 4383 exspirasset,
1626 4310 1847 4369 Maximillamr·

215 4406 383 4471 celebratur,
397 4418 445 4464 aut
465 4419 699 4466 commemoratur
711 4411 835 4468 ecclesiae
855 4410 1005 4476 lledicatio,
1057 4420 1109 4473 pus
1129 4404 1191 4474 ejus
1210 4402 1353 4460 conditum
1378 4405 1549 4460 aromatibus
1576 4403 1708 4473 sepelivit.
1728 4401 1769 4459 Er
1795 4403 1849 4459 liae

214 4501 338 4569 anterius
358 4502 447 4557 sancti
474 4502 619 4571 festivitas,
646 4505 725 4577 cujus
750 4503 873 4560 Ecclesia
896 4505 1008 4575 proprio
1058 4497 1221 4568 kssendmel
1240 4496 1492 4568 vocatioueipsiua,
1506 4510 1568 4567 que
1583 4495 1610 4549 in
1622 4493 1847 4567 Euangeliocon-

214 4603 260 4650 est
273 4593 404 4666 insignita
417 4597 562 4652 vocabulo,
586 4595 615 4652 Ιῃ
637 4599 698 4653 iscis
710 4598 805 4669 igitur,
818 4597 900 4654 idest
912 4596 1006 4653 sancii
1059 4593 1175 4646 tinctor:
1194 4589 1368 4644 ‹Ambulans
1395 4588 1476 4646 lesus
1500 4589 1578 4659 Juxta
1593 4602 1668 4642 mare
1685 4588 1718 4654 ¹¹,
1734 4607 1743 4640 r
1761 4587 1848 4658 ipsius

215 4686 333 4742 Andreae
350 4696 378 4741 et
393 4686 488 4743 Sancti
504 4687 617 4744 Thomas
631 4698 659 4744 et
674 4689 894 4745 dedicationibus
916 4687 1005 4743 eccle·
1059 4683 1265 4754 compaginetur
1278 4682 1403 4737 historia·

215 4779 333 4844 siarum,
347 4791 375 4835 ει
397 4785 425 4836 iu
448 4780 526 4837 lestis
540 4782 607 4852 ipsis
626 4783 750 4839 ecclesiis
772 4781 953 4855 appropriatis
979 4781 1007 4836 iu
1370 4771 1485 4828 CAPUT
1512 4771 1544 4827 ll·

215 4873 285 4929 bora
296 4873 389 4941 tertia,
419 4888 467 4928 scu
484 4889 576 4940 mane,
589 4877 674 4930 missa
692 4876 726 4929 de
740 4873 810 4931 leste
832 4890 895 4930 cum
909 4875 1002 4945 praedi·
1308 4886 1342 4925 oc
1361 4885 1464 4924 sarcio
1483 4881 1606 4922 nicorio.

215 4965 268 5021 ctis
279 4965 421 5022 solemniis
433 4966 594 5022 celebratur.
610 4966 688 5033 Quod
701 4978 729 5022 et
742 4967 769 5022 in
781 4967 843 5022 aliis
865 4967 943 5023 lestis
957 4983 1008 5021 uu·
1095 4962 1170 5018 beati
1183 4961 1288 5018 Nicolai
1312 4961 1407 5023 vitam,
1419 4960 1485 5015 ctio
1498 4960 1554 5014 vita
1570 4974 1620 5016 sua
1640 4966 1745 5030 patrata
1760 4959 1846 5015 mira·

214 5072 278 5112 vem
296 5056 446 5113 lectionum
457 5068 509 5125 est,
523 5060 587 5113 dum
612 5070 702 5114 tamen
718 5059 778 5115 siue
790 5060 941 5124 solemniis,
955 5059 1007 5114 ob·
1059 5056 1131 5121 cula,
1147 5054 1300 5111 memoriali
1314 5053 1384 5126 stylo
1399 5053 1525 5109 doctores
1537 5051 1657 5123 Argolici
1671 5052 1846 5112 mandavere.

215 5148 394 5204 serrandum.
417 5147 447 5202 ln
472 5148 539 5203 lrora
560 5163 625 5203 uero
642 5150 825 5215 nona,missa
844 5149 877 5204 de
901 5148 1008 5219 ieiunio
1058 5149 1181 5203 dieentes
1211 5145 1286 5217 quod
1323 5160 1357 5200 er
1394 5144 1492 5200 illustri
1524 5144 1650 5216 prosapia
1687 5155 1782 5208 ortus,
1811 5143 1847 5199 ab

214 5250 355 5297 cantetur.
369 5239 628 5311 illudquoquenou
655 5250 696 5295 est
709 5242 818 5297 silentio
840 5252 1007 5312 praetereun·
1060 5249 1138 5294 utcro
1163 5239 1270 5304 matris,
1294 5238 1336 5292 rel
1359 5252 1374 5292 a
1400 5237 1551 5308 puerilibus
1574 5237 1655 5292 annis
1675 5235 1727 5291 luit
1743 5234 1846 5306 Spiritu

213 5334 283 5389 dum
295 5331 380 5404 quod,
403 5333 427 5390 si
449 5331 550 5389 iestum
576 5331 667 5387 Sancti
683 5331 798 5388 Andrcae
813 5333 894 5388 luerit
917 5333 946 5388 in
963 5331 1008 5388 die
1059 5342 1156 5387 sancto
1170 5331 1300 5403 repletus.
1317 5329 1370 5398 Qui
1382 5340 1437 5386 tres
1451 5331 1569 5402 virgines
1588 5331 1622 5385 ab
1646 5328 1742 5384 infami
1767 5329 1846 5386 latria

215 5426 373 5494 Dominico,
385 5442 447 5484 cum
468 5428 496 5481 in
521 5427 615 5482 eodem
640 5426 790 5481 secuudum
817 5427 938 5497 regulam
965 5426 1008 5482 in·
1058 5425 1227 5480 commercio
1244 5425 1379 5480 liberavit.
1396 5425 1448 5492 Qui
1461 5425 1495 5480 ad
1507 5439 1644 5480 surnmom
1662 5420 1845 5479 sacerdotium

215 5519 509 5587 cboeturbdrentus,
540 5519 639 5576 lestum
668 5518 702 5574 ad
730 5518 878 5573 secundam
910 5518 1152 5612 leriamndivina
1168 5516 1221 5572 luit
1243 5516 1411 5573 revelatione
1425 5525 1577 5587 promotus.
1599 5514 1651 5581 Qui
1666 5515 1757 5570 viantis
1774 5530 1846 5571 nau·

216 5611 399 5669 transferatur
415 5629 423 5679 ;
438 5613 503 5683 quia
515 5611 560 5666 ille
572 5613 631 5668 dics
643 5595 804 5667 bominicos
819 5611 1006 5682 privilegiatus
1060 5612 1232 5685 lraqantibus
1252 5611 1396 5683 subvenit.
1418 5608 1471 5676 Qui
1498 5609 1618 5666 triticum
1644 5608 1845 5681 multiplicarit.

215 5716 270 5763 εει.
293 5705 368 5763 idem
396 5708 425 5764 in
446 5707 593 5766 similibus.
610 5717 642 5763 ut
663 5706 732 5762 inira
756 5705 887 5762 dicemus.
902 5704 1007 5777 licqula
1059 5707 1113 5776 Qui
1136 5705 1229 5760 llianae
1252 5703 1389 5760 fallaciam
1410 5704 1471 5758 oleo
1496 5701 1633 5757 incentivo
1658 5701 1769 5758 deterit.
1793 5699 1845 5768 Qui

215 5813 284 5856 roro
296 5799 485 5857 debdrcntus
498 5800 578 5855 initio
588 5800 647 5858 brec
657 5809 721 5856 cst:
740 5799 853 5854 Andron
867 5799 935 5867 serto
945 5815 1008 5868 pro-
1060 5800 1196 5870 quosdam
1219 5814 1233 5852 a
1258 5795 1368 5868 capitali
1388 5797 1536 5859 sententia,
1553 5802 1580 5848 et
1601 5793 1670 5850 alios
1695 5809 1710 5847 a
1735 5807 1846 5849 carecra

215 5893 343 5964 pinqsior
355 5909 411 5947 erae
431 5903 571 5949 memento.
591 5890 639 5948 l'ut
652 5894 710 5950 sic:
729 5893 841 5948 :indico
856 5892 922 5961 sesto
933 5909 1006 5964 qam·
1062 5891 1195 5946 liberarit.
1219 5888 1259 5944 Eu
1274 5888 1353 5958 cuius
1365 5886 1458 5943 tumba
1470 5885 1564 5940 oleum·
1583 5882 1704 5954 vestulut,
1722 5884 1844 5940 diuerso·

254 6033 448 6094 “eratus
501 6033 683 6091 ”iconio
723 6031 855 6091 ¹¹11¹etr.
874 6033 902 6088 Ξ.
942 6025 964 6065 ¹¹
984 6029 1128 6102 Ephesii.
1169 6031 1192 6064 ¹¹
1208 6027 1279 6087 Psal.
1296 6026 1340 6085 al.
1384 6024 1568 6087 ‘’liutmtt
