4350 6709
208 587 266 646 tas
418 566 420 569 ’
916 558 1124 622 7777777777.
1778 548 1831 604 tor

210 698 338 774 regnarit
353 695 433 752 annls
445 710 483 750 77.
499 695 564 751 Post
581 695 654 750 venit
677 690 821 763 imperium
848 689 874 743 in
898 699 997 741 manus
1011 686 1035 744 Α
1049 677 1146 743 777777,
1160 675 1247 732 Graecl
1267 671 1433 729 monasterio
1447 669 1634 734 intruserunt,
1658 667 1833 738 7777777777-

210 793 309 852 uxoris
320 789 421 846 Leonis
446 788 558 845 nomine
575 785 663 842 77777.
1050 788 1111 828 rurn
1126 772 1276 840 elegerunt.

1069 863 1107 916 777
1121 861 1270 933 Nicephoro
1283 863 1456 931 imperatore,
1468 869 1492 912 77
1510 859 1567 928 pilio
1589 857 1646 927 ejus
1665 855 1814 912 Stourutio.

1084 953 1165 1008 horno
1182 953 1288 1008 bomini
1306 952 1371 1019 797,
1399 951 1568 1021 Nicephorus
1584 948 1656 1018 apud
1678 947 1835 1030 Constantif

1050 1048 1169 1117 nopolim
1184 1050 1308 1118 regnavit
1334 1062 1399 1100 ann.
1415 1061 1476 1111 7777,
1495 1053 1656 1116 postquem
1680 1041 1835 1097 stauratius

248 1145 330 1200 Anno
345 1142 453 1201 Domini
473 1143 534 1206 783,
551 1142 628 1198 irene
642 1141 766 1214 regnarit
779 1138 850 1210 apud
864 1136 999 1194 Constan·
1050 1141 1124 1196 illius
1137 1141 1196 1210 ejus
1214 1140 1338 1211 regnarit
1352 1139 1492 1193 mensibus
1508 1154 1543 1192 77.
1562 1137 1639 1206 hpud
1663 1134 1777 1191 Romam
1792 1136 1836 1191 his

212 1236 358 1306 tinopolim
386 1250 449 1290 cum
481 1235 538 1290 lilio
579 1249 630 1290 suo
662 1232 843 1289 Constantino
876 1247 941 1285 ann.
970 1245 997 1283 ¹.
1050 1233 1221 1302 temporibus
1246 1232 1297 1288 7777
1325 1230 1463 1287 Adrianus
1488 1227 1601 1301 papal,
1631 1228 1674 1283 cui
1704 1228 1837 1284 successit

203 1329 301 1400 Cujus
314 1329 502 1399 temporibus,
519 1328 624 1383 scilicet
645 1343 718 1382 anno
731 1325 840 1380 bomini
855 1324 917 1391 787,
932 1323 1001 1378 Cru·
1051 1324 1107 1379 Lco
1121 1341 1189 1396 papa
1204 1324 1249 1381 177.
1266 1324 1316 1380 7777
1330 1323 1386 1379 Leo
1401 1339 1470 1394 papa
1485 1322 1619 1394 synodum
1634 1320 1792 1388 celebrarit,
1808 1320 1837 1378 iu

212 1424 254 1478 cis
266 1423 378 1492 signum
394 1429 506 1491 repente
518 1420 546 1474 in
559 1421 682 1475 restibus
695 1417 838 1490 apparuit,
850 1425 878 1472 et
890 1416 1002 1486 sanguis
1052 1433 1105 1487 qua
1119 1417 1260 1474 damnavit
1277 1417 1422 1473 hereticos
1442 1416 1564 1473 dicentes
1586 1414 1725 1470 Christum
1742 1412 1790 1469 [777
1804 1411 1838 1467 n·

213 1515 248 1571 77
256 1514 331 1572 coelo
344 1513 485 1586 profluxit.
500 1511 576 1569 77777
587 1512 704 1580 leonem,
716 1512 780 1583 quia
791 1510 889 1566 Carolo
900 1508 1003 1564 nubere
1053 1507 1120 1563 lium
1135 1509 1291 1580 adoptivum

438 985 475 1042 777
490 983 566 1040 Irene
577 1002 659 1040 usare
671 983 776 1040 Leonta.

211 1782 295 1857 Quos
311 1784 499 1859 sequuntur
514 1778 683 1854 desumpta
705 1784 782 1838 sunt
805 1793 845 1839 ex
867 1797 928 1841 ms.
956 1779 1068 1841 codice
1093 1782 1247 1860 Augusto
1262 1784 1412 1845 Caesarera
1432 1780 1698 1843 vindobonensis
1720 1779 1838 1845 biblio·

380 1857 493 1929 7777777,
514 1854 681 1934 simulque
699 1873 739 1917 ex
755 1872 813 1917 ms.
833 1858 905 1919 cod.
925 1857 1134 1920 bibliothecas
1154 1862 1310 1923 Estensis.
1330 1860 1493 1923 variantia
1521 1860 1605 1923 inter
1627 1878 1683 1925 eos

527 1942 581 1998 777
597 1935 633 1995 in
653 1934 726 2014 ipso
741 1941 842 2009 testu,
859 1943 914 1998 aut
927 1936 961 1998 in
976 1940 1158 2018 suppositis
1174 1939 1270 2014 notis,
1288 1938 1529 2003 indicabuntur.

382 2162 421 2218 777
442 2161 540 2216 Curato
565 2160 665 2232 ilogno
678 2163 849 2232 imperatore.
1022 2179 1044 2236 Β
1060 2167 1166 2238 imperii
1180 2168 1375 2239 principatum.
1391 2168 1472 2240 hpud
1485 2184 1567 2240 quem
1582 2168 1638 2225 Leo
1652 2185 1722 2240 papa
1737 2171 1771 2226 de
1789 2188 1843 2227 nn-

251 2261 334 2315 7777
349 2255 459 2310 Domini
475 2254 536 2323 77777,
553 2269 626 2310 7777
641 2254 676 2310 ab
690 2252 765 2310 Urbe
787 2254 897 2311 condita
919 2256 1005 2326 1552,
1058 2261 1157 2332 positis
1179 2261 1342 2317 criminibus
1354 2276 1404 2332 per
1422 2262 1535 2318 nuntios
1556 2277 1586 2318 se
1610 2264 1745 2334 purgarit.
1765 2264 1845 2334 77777

212 2351 336 2408 Carolus
349 2364 411 2405 7777
423 2347 481 2419 jam
497 2354 639 2417 regnasset
651 2346 678 2401 in
694 2345 810 2403 Francia
823 2349 902 2404 annis
918 2365 1007 2406 7777777
1058 2353 1325 2423 Constantinopolim
1345 2369 1410 2410 vcro
1435 2370 1498 2410 7777
1523 2354 1579 2410 Leo
1602 2364 1743 2426 regnasset
1764 2358 1845 2412 annis

214 2442 339 2499 aLeone
350 2456 420 2511 papa
436 2437 489 2504 777,
503 2429 608 2494 ’rinctus
631 2448 675 2495 cst
692 2438 720 2493 in
743 2439 936 2510 imperatorem
952 2440 1008 2496 Ro-
1063 2460 1112 2500 7777
1125 2454 1153 2501 77
1166 2445 1308 2501 mensibus
1323 2462 1367 2514 77,
1389 2447 1523 2503 successit
1542 2448 1614 2503 alius
1637 2446 1771 2517 777777777,
1797 2451 1846 2521 qui

216 2550 378 2599 manorum,
395 2546 423 2589 et
435 2533 580 2604 imperavit
592 2532 671 2589 annis
686 2549 743 2601 xrr,
758 2549 853 2590 meuse
867 2550 935 2604 uno,
950 2537 1009 2592 die·
1060 2539 1275 2621 regnavitannis
1287 2554 1335 2594 7777
1352 2548 1379 2594 77
1393 2539 1533 2596 mensibus
1560 2557 1599 2594 rx.
1610 2539 1661 2596 Cui
1681 2542 1846 2600 substitutus

218 2630 271 2686 bus
294 2644 357 2684 xtn.
381 2626 432 2684 llic
455 2626 626 2683 continuavit
648 2625 778 2683 Ecclesia
804 2627 934 2684 Romanae
948 2646 1010 2701 quae
1060 2639 1103 2685 est
1116 2629 1284 2702 Theophilus
1300 2614 1373 2687 lilius
1388 2633 1462 2703 ejus,
1482 2633 1528 2703 qui
1545 2643 1607 2703 post
1622 2643 1737 2689 mortem
1761 2636 1848 2706 patris

217 2723 372 2780 donaretur
389 2721 414 2778 77
437 2720 572 2792 77777777
586 2728 663 2791 77777
684 2735 768 2787 suus,
792 2729 820 2778 et
844 2722 970 2793 adhinnit
984 2723 1010 2779 ei
1061 2725 1278 2795 regnavitannis
1294 2741 1339 2780 777
1349 2735 1376 2781 77
1388 2728 1529 2783 mensibus
1541 2742 1583 2782 777.
1597 2726 1683 2783 Leoni
1695 2745 1772 2801 77777
1785 2746 1848 2787 suo·

217 2822 352 2878 77777777
361 2812 541 2890 spoletanum
555 2822 582 2868 77
594 2811 789 2882 Beneventum,
800 2822 828 2869 et
838 2814 907 2892 alias
921 2817 1005 2873 etiam
1062 2817 1146 2874 cessit
1158 2815 1328 2889 Stephanus,
1352 2820 1400 2889 qui
1415 2817 1604 2886 Ludoricum',
1621 2829 1652 2875 ut
1668 2822 1780 2892 quidam
1803 2822 1849 2879 di·

218 2915 353 2972 ecelesias
376 2905 599 2982 possessionibus
621 2905 772 2976 ampliavit.
799 2905 850 2963 7777
874 2922 938 2963 cum
960 2907 1011 2964 lii·
1062 2919 1145 2974 7777,
1168 2909 1286 2966 inunxit.
1319 2910 1388 2966 lluic
1411 2910 1550 2967 Ludonico
1590 2911 1695 2969 ltaliam
1724 2916 1849 2987 ingresso

220 3009 337 3074 cbacle,
352 3006 399 3077 qui
422 3013 484 3075 post
507 3000 677 3058 stauratium
693 3000 764 3072 apud
781 3000 1012 3074 Constantinopo-
1070 3003 1170 3057 beatus
1184 3000 1304 3058 ioannes
1322 3000 1442 3075 Baptista
1453 3005 1479 3058 in
1494 3004 1601 3060 visione
1612 3007 1737 3076 apparuit
1751 3009 1778 3062 in
1793 3021 1850 3064 ter·

221 3102 270 3156 lim
286 3097 411 3169 regnarit
438 3094 518 3151 annis
556 3092 686 3158 dnobus,
707 3104 733 3149 77
750 3106 811 3164 7777
835 3111 897 3152 7777
922 3092 1013 3151 Leone
1064 3089 1161 3145 ritorio
1187 3088 1345 3152 sabinensi,
1380 3091 1563 3162 praecepitque
1595 3100 1624 3146 ut
1657 3092 1803 3149 adilicaret
1825 3095 1849 3151 77

225 3205 400 3251 successore.
414 3204 507 3261 pacem
522 3199 679 3258 perpetuam
702 3186 755 3240 hoc
782 3188 864 3243 modo
878 3187 1007 3254 77777777,
1064 3180 1221 3246 ecclesiam,
1238 3195 1322 3249 quam
1343 3179 1424 3248 lecit,
1451 3180 1498 3235 ubi
1515 3182 1617 3236 dicitur
1627 3182 1787 3254 argentilla.
1802 3184 1852 3242 llic

220 3295 252 3342 rrt
281 3286 352 3341 alter
381 3283 494 3338 alterius
519 3280 604 3335 irater
633 3280 802 3346 nominetur,
832 3290 860 3336 et
886 3282 955 3337 alter
979 3282 1014 3336 ab
1065 3290 1180 3345 regnum
1197 3286 1321 3347 potenter
1338 3277 1458 3333 obtinuit
1481 3277 1620 3349 usquead
1645 3278 1776 3335 Pharum.
1801 3280 1853 3338 llio

222 3379 310 3434 altero
333 3390 442 3444 semper
464 3373 584 3443 juretur.
609 3372 722 3430 Grucus
740 3374 890 3444 imperator
914 3374 1013 3430 habeat
1065 3377 1122 3425 tres
1153 3369 1225 3427 tilios
1248 3370 1359 3438 babuit,
1384 3370 1561 3438 Lotharium,
1590 3387 1671 3443 quem
1695 3383 1852 3429 consortem

224 3468 368 3525 Orientem
382 3475 410 3522 et
423 3464 709 3535 Constantinopolim,
725 3475 753 3521 rt
771 3464 887 3520 Carolus
901 3474 929 3521 77
948 3481 1012 3522 suc·
1067 3461 1132 3519 lecit
1144 3464 1251 3534 imperii
1268 3483 1276 3531 ;
1291 3463 1436 3530 Carolum,
1450 3479 1530 3536 quern
1546 3466 1642 3520 ducem
1663 3465 1727 3522 77777
1739 3466 1854 3536 Aquita-

224 3575 353 3618 oessores
367 3558 486 3614 babeant
503 3555 617 3610 Romam
644 3565 671 3612 77
696 3554 879 3614 Occidentem.
908 3539 1051 3615 hbhiueC
1066 3557 1134 3623 niae;
1153 3555 1338 3624 Ludovieum,
1353 3572 1435 3628 quem
1450 3557 1547 3613 ducem
1573 3558 1693 3613 instituit
1719 3557 1852 3612 Barariae.

224 3657 309 3726 igitur
324 3660 401 3724 gesta
414 3649 594 3706 Orientalium
615 3646 717 3705 Graecis
739 3650 957 3722 chronographis
969 3667 1014 3708 re·
1065 3648 1116 3705 ilie
1136 3648 1291 3706 Ludovicus
1306 3651 1463 3723 Augustus,
1491 3660 1521 3705 ut
1544 3651 1650 3708 nobiles
1674 3651 1796 3707 alliceret
1818 3654 1854 3709 ad

224 3746 403 3817 innuentes,
417 3758 479 3813 7777
490 3741 562 3811 apud
578 3755 629 3795 nos
644 3751 719 3812 gesta
735 3751 817 3808 sunt,
829 3738 1015 3798 occidentalia
1065 3743 1241 3810 clericatum,
1263 3743 1371 3800 clericis
1394 3744 1531 3800 licentiam
1549 3744 1622 3799 dedit
1642 3743 1766 3799 uestibus
1789 3759 1854 3814 777·

225 3854 437 3910 prosequamur.
463 3837 511 3893 llis
539 3838 566 3891 777
602 3853 669 3909 7777
692 3836 873 3908 compositis,
898 3836 1015 3892 Carolus
1067 3835 1306 3906 tiosisindui,uti
1328 3843 1356 3891 et
1374 3835 1588 3893 dinisasdomos
1610 3837 1736 3893 habendi.
1765 3835 1854 3907 liujus

226 3928 398 3986 Hierusalem
412 3944 495 3985 causa
518 3930 652 3986 orationis
675 3945 724 4000 per
748 3928 1014 3997 Constantinopolim
1067 3929 1236 3999 temporibus
1251 3925 1391 3985 lloroldus
1402 3943 1450 3984 7777
1467 3926 1604 3984 banorum
1617 3945 1678 3985 cum
1691 3946 1742 3985 suo
1753 3930 1855 4000 populo

227 4023 295 4087 irit,
315 4029 344 4077 77
361 4037 410 4090 777
439 4020 578 4085 Siciliam,
601 4032 629 4077 et
649 4020 823 4085 Calabriam,
839 4029 868 4073 77
889 4019 1014 4089 Apuliam
1067 4021 1142 4076 77777
1155 4022 1188 4077 77
1204 4021 1297 4077 iidem.
1310 4022 1432 4094 Ejusque
1453 4023 1641 4093 temporibus,
1662 4023 1768 4078 77777777
1782 4037 1855 4080 anno

227 4111 346 4168 Romam
370 4113 464 4179 rediit,
490 4121 519 4167 ct
540 4111 725 4183 Aquisgranis
748 4119 944 4176 reversusest,
971 4111 1017 4165 ubi
1068 4113 1178 4169 77777777
1193 4115 1246 4169 8777
1271 4129 1373 4186 corpus
1397 4114 1473 4170 Beati
1487 4114 1571 4170 Marci
1591 4115 1753 4169 translatum
1768 4124 1810 4170 777
1823 4114 1859 4170 77
1952 4137 1961 4148 ··

228 4206 323 4261 777777
340 4205 416 4276 regni
432 4205 595 4268 constituit,
608 4213 634 4260 77
645 4204 725 4258 linem
739 4204 801 4257 nita
812 4204 933 4275 suscepit
943 4218 1016 4259 annio
1068 4204 1235 4260 7777777777
1247 4203 1385 4261 venetias.
1400 4202 1539 4275 Stephano
1562 4219 1630 4274 papa
1647 4203 1782 4259 successit
1801 4201 1857 4256 Pa·

228 4295 339 4353 bomini
351 4299 420 4364 877,
440 4313 515 4353 7777
533 4297 610 4368 regni
628 4297 672 4352 sui
691 4305 719 4350 et
742 4294 849 4366 imperii
867 4311 927 4350 77777
949 4294 1017 4350 sub·
1070 4297 1190 4365 scholis,
1208 4297 1255 4369 7777
1268 4299 1324 4369 (lb)
1341 4304 1503 4368 potestatem
1527 4295 1673 4359 Lothario,
1685 4311 1747 4351 cum
1761 4296 1788 4350 in
1804 4294 1858 4350 lta·
1885 4337 1889 4345 .

229 4399 298 4445 aeta
311 4388 397 4445 ltalia
411 4406 483 4454 7777,
501 4389 589 4444 atatis
605 4403 662 4442 7777
677 4400 762 4441 esan.
776 4385 862 4455 Cuius
875 4383 1018 4440 duodecim
1070 4390 1135 4445 liam
1153 4390 1291 4457 uenisset,
1307 4405 1388 4459 super
1403 4388 1558 4444 Romanum
1582 4388 1725 4458 populum,
1748 4387 1877 4443 ninente'

229 4481 344 4536 7777777777
356 4479 484 4551 Primiiui
500 4487 675 4550 P¹¹i¹¹³¹⁰¹⁸0⁵·
687 4475 1019 4545 Ιὶ07777777175(7)777707·
1070 4492 1160 4554 patre,
1176 4483 1322 4539 concessit.
1338 4481 1403 4537 Post
1418 4481 1579 4537 paschalem
1591 4479 1741 4552 Eugenius,
1754 4480 1801 4550 qui
1813 4479 1859 4534 Li·

230 4573 339 4628 marius
352 4587 415 4627 cum
430 4572 514 4627 sociis
545 4570 612 4624 suis.
629 4568 703 4623 Duos
716 4568 826 4638 reliquit
845 4569 916 4622 lilios
931 4566 1022 4622 Ludo·
1072 4573 1152 4627 hrum
1168 4572 1396 4628 Poenitentiarum
1412 4571 1584 4640 composuit,
1609 4579 1636 4626 et
1661 4571 1689 4624 in
1713 4570 1858 4625 Franciam

231 4667 324 4722 '5⁰¹¹'ss
338 4680 429 4735 7787717
442 4664 612 4733 7777777777,
625 4670 652 4717 ⁰²
663 4661 808 4732 ΡῙ7777777777ῃ
821 4661 860 4732 (⁸)
872 4661 1021 4716 5777777777
1072 4666 1157 4720 misit.
1172 4664 1238 4720 Post
1250 4665 1402 4736 Eugenium
1418 4662 1591 4718 Valentinus.
1606 4660 1672 4716 Post
1691 4678 1772 4730 quem
1788 4659 1857 4716 Cre·

232 4775 325 4830 regem
342 4757 436 4813 ltaliae.
462 4755 551 4826 Hitjus
568 4755 738 4824 temporibus
756 4754 913 4808 claruerunt
930 4752 1023 4807 Alcui·
1073 4761 1183 4830 gorius,
1199 4759 1246 4829 qui
1261 4759 1404 4814 ecclesiam
1421 4759 1494 4814 Beati
1510 4757 1610 4826 Marci,
1626 4773 1708 4828 quam
1727 4764 1850 4823 ternpore

232 4865 296 4917 nus,
309 4848 401 4903 Caroli
421 4848 587 4918 capellanus,
604 4846 758 4917 Stephanus
785 4847 946 4903 uenerabilis
961 4847 1024 4902 77777
1074 4852 1118 4908 sui
1134 4852 1279 4908 sacerdotii
1292 4852 1437 4922 aagendam
1453 4851 1548 4907 habuit
1564 4859 1685 4920 tempore
1702 4848 1744 4905 sui
1768 4847 1858 4917 ponti.

232 4941 378 4997 Cremonae
400 4941 564 5010 episcopus,
578 4941 626 5010 qui
650 4954 713 4994 cum
732 4937 849 5009 Pippino
862 4953 925 5009 rege
939 4937 1024 4994 ltalia
1037 4918 1061 4978 ⁰
1075 4945 1173 5001 licatus
1196 4959 1212 4999 a
1237 4943 1423 4999 fundamentis
1448 4944 1599 4999 renovarit.
1624 4941 1712 5012 liujus
1726 4939 1866 5011 Ludonici

235 5034 376 5090 transtulit
402 5048 504 5104 corpus
530 5033 617 5088 saneti
643 5031 762 5087 Zenonis
790 5031 825 5086 ad
862 5031 1023 5098 ecclesiam,
1073 5037 1243 5109 temporibus
1258 5039 1404 5109 episcopus
1421 5035 1615 5092 Cremonensis
1628 5035 1681 5090 luit
1697 5034 1771 5090 Atto.

232 5140 318 5195 quarn
333 5123 554 5193 aedificaverunt,
578 5134 606 5179 et
622 5125 718 5179 multis
741 5123 962 5194 possessionibus
974 5123 1024 5179 do·
1178 5176 1181 5185 ,

233 5227 374 5274 merum·
1114 5194 1150 5250 777
1163 5194 1264 5251 Heleno
1276 5196 1459 5266 imperatrice,
1471 5204 1497 5251 et
1512 5194 1624 5263 Nieeto,
1639 5193 1784 5260 Cotlmrio,
1799 5203 1823 5248 et

446 5312 486 5368 777
501 5313 632 5368 haderico
646 5312 704 5383 7777
718 5311 821 5367 Caroli.
1323 5266 1451 5323 mmai
1478 5265 1612 5338 0777777777·

270 5405 354 5460 Anno
369 5403 478 5460 Domini
497 5405 568 5473 877,
582 5404 740 5462 Ladonicus
754 5403 845 5460 Caroli
867 5403 940 5460 silius
953 5402 1026 5475 apud
1114 5398 1215 5470 llisque
1234 5397 1404 5468 temporibus
1426 5397 1665 5468 Constantinopoli
1689 5395 1791 5451 Helena
1803 5395 1863 5452 sola

237 5497 451 5553 Romanoscum
464 5496 1024 5568 Lothariohliosuo'regnavitannisus.
1079 5494 1225 5562 imperavit
1249 5492 1373 5547 777777.
1397 5489 1510 5547 77777777
1544 5492 1688 5562 imperarit
1718 5492 1798 5547 annis
1823 5506 1862 5548 rr.

235 5587 395 5659 deditaque
409 5589 450 5660 (9)
465 5598 553 5644 morte
568 5591 663 5660 patris,
677 5590 711 5645 de
725 5587 873 5658 aquitania
898 5589 1026 5656 7777777,
1081 5584 1175 5639 Romae
1189 5584 1336 5639 botharius
1351 5585 1431 5640 777777
1451 5600 1478 5639 7.
1491 5582 1730 5656 Constantinopoli
1747 5583 1864 5643 michael

236 5678 406 5751 Aquisgrani
419 5696 467 5751 per
482 5695 647 5735 consensum
674 5680 830 5753 principum
856 5678 972 5749 adeptus
986 5685 1029 5733 777
1078 5673 1206 5745 Curipale
1222 5675 1366 5745 imperarit
1379 5674 1502 5731 annisu.

277 5840 317 5910 (7)
337 5838 380 5894 Ea
391 5837 488 5895 Codice
505 5837 610 5894 Estensi
627 5854 636 5892 :
653 5836 810 5905 Rolandns,
828 5835 983 5902 Ulircrlus,
1000 5844 1029 5891 77
1079 5833 1176 5905 777777.

241 5909 385 5981 Turpinus
399 5910 623 5981 archiepiscopus
636 5925 698 5964 cum
713 5910 798 5965 sociis
811 5913 880 5965 suis.
1116 5906 1174 5975 7777)
1194 5903 1247 5972 Qui
1261 5909 1425 5975 potestatem
1447 5920 1529 5977 777777
1542 5906 1577 5960 od
1588 5905 1737 5974 cotroessit,
1759 5903 1864 5962 777777·

278 5982 319 6055 78)
341 5980 384 6034 ls'a
394 5982 483 6036 codice
497 5979 603 6035 77777777
616 5988 662 6034 :et
675 5971 819 6051 Pippinunr
833 5995 923 6050 regem
933 5977 1027 6034 tutta.
1080 5989 1175 6035 rantur
1187 5977 1215 6031 in
1226 5976 1314 6032 7777777
1329 5973 1446 6032 detenti.

277 6051 318 6124 (97
341 6050 383 6107 Ea
404 6050 495 6106 rodim
518 6050 624 6106 Estensi
649 6052 771 6143 7777777
797 6066 916 6124 narisque
941 6060 1028 6106 morte
