4350 6709
225 516 286 576 m*
702 549 705 557 ·
741 515 910 576 srlstouu
922 520 1085 582 CANONICl
1109 523 1317 584 umuuauls.
1799 527 1869 615 rto·

225 632 269 688 hic
280 631 472 690 distlartamm
488 634 681 700 varietate,rel
694 635 827 691 librorum
839 636 1012 694 multitudine
1025 647 1050 704 Α
1063 640 1142 697 ordio
1163 641 1277 713 legerit,
1300 639 1351 695 sub
1378 640 1535 697 carnalibus
1560 641 1650 698 renuis
1667 636 1866 757 ιρίιιιιιιιιιιιιιιΙ

223 722 579 797 interannuntiantem
595 725 776 800 Hieronymus
786 727 821 783 de
833 728 914 785 modo
928 737 955 784 et
966 744 1013 785 or·
1061 730 1219 801 nuptiarum
1235 729 1441 802 epithalamium
1458 745 1515 786 non
1525 731 1679 803 intelligens
1692 732 1852 792 vulnerare·

222 813 289 871 dina
303 827 412 869 sacram
428 815 554 887 paginam
571 816 677 887 legendi
701 817 730 871 in
744 816 865 888 Epistola
881 818 914 874 ad
938 817 1013 874 lllle·
1059 833 1116 880 tur.
1129 822 1230 880 Caveat
1241 822 1333 878 omnia
1351 825 1514 897 apocrypha,
1532 831 1558 883 et
1573 826 1596 883 si
1610 827 1720 898 quando
1733 842 1776 892 ea.
1794 843 1851 888 nou

223 914 294 975 um,
304 906 343 964 lle
357 905 531 963 institutione
544 906 710 973 tili-«amicat.
724 907 860 964 litantem
878 906 1013 964 :alliscat
1059 913 1095 969 ad
1112 913 1270 985 dogmatum
1292 915 1445 981 ueritatem,
1467 916 1514 973 sed
1530 918 1564 974 ad
1579 917 1748 989 singulorum
1771 937 1851 981 rete·

221 997 537 1072 primumPaalterium;
554 999 598 1055 his
608 1015 639 1056 se
653 999 769 1058 canticis
780 1009 904 1057 sanctam
919 1010 1010 1068 roeet,
1060 1005 1175 1061 rentiam
1191 1004 1281 1076 legere
1288 1005 1417 1073 uoluerit,
1431 1008 1500 1064 sciat
1513 1025 1566 1066 nou
1581 1026 1676 1069 eorum
1692 1027 1763 1075 esse.
1780 1028 1850 1085 que

221 1103 252 1149 ct
266 1091 295 1147 ia
309 1089 468 1147 Proverbiis
487 1086 643 1148 Salomonis
658 1091 842 1149 erudiaturad
857 1093 960 1161 sitam;
983 1094 1011 1150 ia
1060 1115 1121 1155 rum
1140 1099 1226 1156 titulis
1240 1109 1440 1172 praenotantur,
1462 1103 1602 1175 multaque
1622 1105 1650 1160 in
1667 1103 1712 1161 his
1729 1104 1849 1161 admista

221 1181 411 1262 Ecclesiastco
434 1194 598 1239 consuescat
616 1199 677 1255 quae
691 1185 785 1240 mundi
805 1192 871 1241 sunt
889 1186 1009 1249 calcare,
1060 1206 1123 1247 esse
1148 1192 1260 1258 uitiosa,
1286 1202 1314 1248 et
1339 1194 1451 1265 grandis
1463 1210 1525 1251 esse
1539 1196 1691 1267 prudentiae
1706 1209 1802 1268 auarum
1818 1196 1848 1252 ln

222 1275 252 1332 in
272 1275 447 1333 lobrirtutls
468 1284 495 1334 et
513 1277 649 1349 patieutiae
668 1277 791 1348 exempla
813 1284 942 1334 sectetur.
968 1279 1009 1335 lu
1058 1281 1118 1336 luto
1144 1297 1275 1352 quarere.
1292 1281 1421 1356 Cypriani
1436 1283 1573 1357 opuscula
1599 1301 1707 1358 semper
1721 1286 1748 1341 in
1762 1300 1848 1344 manu

222 1367 371 1440 Evangelia
384 1375 530 1426 transeat:
550 1383 689 1440 antiquam
704 1383 735 1425 ea
758 1370 882 1440 positura
900 1370 935 1426 de
948 1385 1009 1425 ma·
1058 1381 1160 1441 teneat,
1172 1374 1313 1432 Athanasii
1325 1376 1460 1448 Epistulas
1471 1386 1497 1434 et
1507 1376 1602 1433 llilarii
1617 1378 1702 1436 libros
1713 1378 1847 1437 inolleuso

222 1459 319 1525 nibus,
335 1460 521 1531 apostolorum
544 1460 611 1516 Acta
634 1465 662 1514 et
686 1457 823 1530 Epistulas
844 1468 899 1514 tota
915 1460 1008 1516 cordis
1059 1475 1154 1522 enarrat
1166 1467 1245 1539 pede.
1258 1467 1368 1524 lllorum
1381 1471 1554 1533 tractatibus.
1572 1471 1680 1526 illorum
1696 1470 1847 1528 delectetur

222 1552 367 1608 voluntate
380 1551 494 1609 imbuat.
509 1551 632 1623 Cumque
652 1550 771 1622 pectoris
795 1553 842 1608 -sui
866 1554 1008 1609 cellarium
1060 1559 1188 1630 ingeniis,
1198 1561 1227 1615 in
1242 1576 1358 1631 qnorum
1375 1560 1453 1618 libris
1466 1562 1554 1633 pietas
1569 1561 1631 1618 ludei
1654 1579 1710 1619 non
1724 1566 1844 1623 vacillet.

223 1643 325 1715 (ΨΜ
339 1643 558 1715 Ιθθῦιιῐθῑὲιθῐῑῑ,
572 1641 833 1698 ιιιιιιιιιιιῐιιιυοτίω
848 1642 1007 1714 proponas,
1060 1649 1180 1706 Caeteros
1203 1651 1244 1707 sic
1265 1651 1347 1723 legat,
1365 1661 1394 1706 nt
1408 1651 1495 1724 magis
1514 1650 1628 1723 judicor,
1648 1669 1731 1725 quam
1746 1670 1846 1727 seqare·

223 1735 470 1807 lleptatetteum,et
487 1734 591 1806 llegum
617 1749 649 1790 ac
663 1733 889 1805 Paralipomenon
912 1733 1007 1790 libros.
1062 1748 1116 1803 tur.
1134 1740 1207 1798 Vale.
1227 1762 1237 1795 ι

223 1827 477 1901 cremonensem
491 1827 588 1889 Esther
600 1827 748 1895 volumina;
766 1826 873 1893 ultimo,
888 1826 947 1882 sine
960 1842 1010 1898 pe·
1098 1831 1844 1912 nauriuntlsicstisortemClaristopersaepeplacentem,

222 1917 313 1978 struto
324 1920 413 1977 diseat
425 1918 570 1976 Canticum
585 1919 771 1988 cantieorum
797 1919 870 1990 quod
885 1917 951 1976 sliu
965 1934 1011 1975 ex·
1026 1948 1048 2004 B
1098 1922 1155 1979 lloe
1171 1925 1297 1981 meritum
1313 1927 1349 1982 sit
1363 1927 1403 1982 eis
1416 1926 1537 1983 coelestis
1553 1925 1678 1982 dindima
1688 1927 1774 2000 jugis.

234 2069 1839 2108 m

275 2381 288 2422 ὓ
434 2239 802 2358 cuiusnam
854 2241 1195 2359 CANONlGl
1239 2245 1631 2362 REGULARIS

896 2478 1191 2572 nntsuonu

266 2677 316 2747 dd
330 2677 474 2762 priorem
489 2675 687 2750 clamitatis,
711 2675 753 2738 de
775 2673 936 2762 ¹ctuuouico
951 2672 1094 2754 regulari
1123 2673 1205 2739 laeto
1223 2677 1390 2753 monacho,
1409 2696 1507 2759 quem
1530 2680 1586 2747 iile
1615 2684 1788 2764 repetebat.

558 2838 601 2915 (ι).
617 2839 768 2904 llasrcuou.
785 2837 887 2894 deaut.
899 2837 1010 2906 Bam..
1027 2837 1073 2906 vt,
1093 2838 1157 2907 dil,
1171 2856 1205 2897 ex
1218 2855 1271 2901 ms.
1284 2841 1350 2900 unt.
1361 2841 1504 2917 (lucion.)

256 3152 414 3213 teneatur
423 3168 455 3209 ae
464 3153 528 3225 jure
547 3152 687 3226 diligendo
700 3153 812 3210 domino
823 3153 856 3211 N.
870 3155 957 3226 priori
970 3155 1040 3220 dec
1056 3153 1184 3212 Christus
1194 3154 1259 3227 quid
1272 3154 1355 3211 dicit?
1369 3155 1522 3213 intendite:
1537 3157 1591 3224 Qut
1605 3158 1725 3227 noluerit,
1738 3161 1836 3234 iuquit.

220 3244 363 3303 maritata
376 3241 406 3302 S.
419 3244 453 3302 ll.
468 3261 576 3317 semper
589 3246 659 3312 bene
672 3245 774 3302 ualere.
791 3246 915 3306 Audistis
929 3247 1005 3304 Scri·
1054 3246 1142 3318 major
1161 3263 1219 3303 ease
1239 3234 1308 3302 r'nter
1330 3261 1384 3313 oca,
1399 3247 1451 3302 erit
1468 3255 1648 3303 occurrerem
1664 3233 1769 3322 (illd.)';
1785 3255 1838 3309 erit

207 3340 330 3412 'pturam
355 3336 506 3394 dicentem:
540 3337 665 3394 Claritas
688 3356 740 3395 non
761 3340 856 3411 querit
873 3353 932 3410 que
955 3352 1005 3393 rua
1055 3355 1164 3404 seruus,
1176 3339 1231 3395 erit
1247 3338 1388 3403 ‘Cluauaam
1400 3339 1451 3395 erit
1466 3354 1562 3396 servus
1576 3355 1715 3396 serrorum
1731 3345 1778 3414 qui
1793 3345 1837 3400 di·

220 3440 282 3487 aaut
300 3429 328 3504 (l
343 3429 406 3488 Cor.
421 3431 493 3504 aaut),
518 3431 605 3488 nostis
626 3432 700 3504 quod
722 3432 794 3498 dieo,
816 3431 861 3487 ulti
883 3431 1004 3488 charitas
1054 3429 1223 3486 citmembro
1235 3427 1353 3484 Claristi:
1374 3427 1415 3484 Tu
1427 3430 1567 3497 nialuses,
1582 3437 1642 3486 esto
1657 3432 1765 3499 ltoauns;
1788 3451 1837 3492 ue·

219 3532 272 3595 est,
291 3524 385 3582 lumen
403 3530 457 3590 est,
477 3531 505 3580 et
515 3524 636 3581 tenebrae
659 3540 713 3581 non
727 3532 791 3582 sunt
803 3524 876 3588 ullae,
892 3523 961 3580 nihil
972 3523 1001 3578 d·
1053 3523 1139 3579 reuda
1153 3523 1240 3594 patris
1253 3522 1371 3588 deridet,
1386 3537 1483 3579 servus
1497 3538 1638 3580 servorum
1656 3526 1718 3582 erit.
1734 3525 1837 3583 Ocho·

217 3624 294 3673 mum
318 3621 411 3689 patrat
432 3615 562 3680 charitas.
578 3616 647 3672 nillil
668 3616 791 3672 lurcatur
802 3616 922 3683 veritam
939 3630 1004 3688 pro-
1052 3629 1124 3669 naan
1139 3629 1225 3686 quare
1237 3614 1322 3679 rides,
1335 3629 1421 3685 quare
1435 3615 1544 3672 derides
1556 3616 1568 3670 l
1581 3615 1682 3674 Seram
1692 3633 1835 3676 seruorum

219 3717 312 3781 nera
335 3723 402 3764 aero
426 3708 516 3764 amico
537 3708 636 3779 loquor
659 3708 728 3763 nllail
749 3706 938 3772 dissimulans,
954 3705 1002 3762 sed
1051 3709 1125 3776 eris;
1152 3722 1245 3764 semen
1265 3706 1395 3762 chanaan
1406 3714 1434 3763 et
1448 3722 1503 3763 nou
1517 3708 1597 3776 tuda,
1611 3711 1718 3781 species
1727 3713 1836 3784 decepit

218 3815 281 3858 cum
304 3799 405 3857 lidocia
420 3815 474 3872 qua
502 3801 601 3865 nostis,
622 3799 750 3872 quonlam
766 3814 800 3856 ex
813 3797 948 3854 diaritate
960 3805 1004 3854 est
1053 3809 1090 3864 te,
1113 3800 1177 3872 qrria
1201 3801 1302 3857 ueritas
1329 3815 1385 3855 non
1405 3810 1448 3857 est
1461 3802 1533 3873 apud
1548 3810 1594 3871 te;
1612 3811 1640 3858 tu
1659 3787 1787 3874 plor'iaris
1805 3805 1835 3862 ia

217 3892 292 3966 qood
307 3890 382 3949 dico.
396 3889 426 3948 Sl
444 3899 535 3947 autem
549 3891 622 3963 quod
635 3900 663 3948 et
677 3907 726 3955 uos
742 3888 861 3962 idipsum
881 3889 1001 3954 sentitis,
1052 3893 1144 3963 speeie
1159 3899 1216 3955 tua,
1230 3897 1258 3947 et
1272 3889 1395 3946 suldcere
1409 3899 1490 3963 putas
1503 3908 1566 3949 eum
1575 3910 1630 3950 uon
1643 3894 1746 3954 habeas
1760 3898 1835 3955 veri.

217 3985 349 4058 quoniam
367 3984 490 4043 eamdem
512 3985 673 4042 charitatem
696 3983 804 4040 habetis
827 3981 862 4038 ad
876 3997 930 4047 me,
946 3992 1003 4036 non
1052 3992 1148 4041 tatem.
1164 3983 1193 4040 st
1205 3985 1278 4041 enlm
1288 3985 1429 4042 veritatem
1442 3985 1567 4050 haberes,
1580 4002 1719 4058 uunquam
1732 3989 1835 4061 gloriu-

216 4078 338 4137 eredatis
362 4075 435 4150 quud
458 4075 526 4133 nihil
546 4076 625 4132 uobis
642 4075 731 4130 dicam
747 4073 801 4130 nisi
819 4089 853 4129 ιι
867 4072 1002 4129 ιιιιιίῑιῑιι
1051 4081 1122 4134 reris
1142 4077 1171 4132 iu
1185 4077 1286 4148 specle.
1312 4075 1442 4148 (llingua
1454 4078 1603 4148 impudica,
1617 4087 1679 4148 post
1692 4077 1835 4137 Christum

218 4180 246 4231 et
258 4171 449 4245 proceritate.
464 4169 615 4241 Propterea
633 4184 695 4225 eum
710 4167 809 4224 fiducia
821 4167 919 4239 loquar
932 4165 1001 4221 nihil
1051 4170 1142 4227 dicere
1167 4170 1269 4227 audes:
1295 4169 1336 4224 'lu
1361 4170 1450 4226 malos
1472 4185 1514 4233 es.
1539 4185 1589 4242 ego
1601 4186 1663 4227 suna
1675 4170 1774 4229 bonus.
1786 4172 1835 4230 illa

216 4261 470 4338 amoremne
484 4262 512 4317 in
526 4261 671 4317 charitate.
1048 4259 1106 4329 jam
1128 4258 1217 4315 dixit:
1244 4259 1297 4327 Qui
1320 4259 1432 4313 vulserit
1454 4258 1541 4329 major
1560 4275 1626 4324 ease,
1649 4261 1700 4315 crit
1724 4278 1833 4326 umas:

251 4349 442 4426 Significatum
461 4358 503 4408 est
515 4351 580 4407 milui
596 4348 742 4422 quemdam
755 4350 790 4407 de
804 4347 938 4406 lratribos
951 4362 1000 4405 ee·
1050 4356 1078 4405 et
1093 4356 1123 4403 tu
1145 4349 1233 4405 adhuc
1250 4349 1422 4420 impudenter
1435 4349 1553 4405 clamas:
1570 4349 1626 4421 Epo
1642 4350 1738 4407 melior
1753 4356 1834 4409 sunaul

214 4441 309 4502 cicala
322 4441 417 4500 Sancti
431 4441 546 4499 loannis
561 4441 729 4499 Senoneusir
742 4441 813 4497 clam
833 4440 867 4498 de
883 4440 1000 4497 eeclesia
1050 4441 1177 4497 attendis
1204 4451 1266 4513 post
1289 4441 1408 4511 speciem
1429 4449 1514 4507 tuam,
1534 4448 1561 4496 et
1571 4440 1600 4496 iu
1614 4439 1673 4512 ipsa
1687 4441 1832 4513 gloriaris3

213 4551 267 4595 sua
288 4534 427 4602 admisse,
441 4551 559 4607 eumque
573 4551 589 4591 a
604 4536 684 4593 sobls
699 4544 840 4607 receptum
853 4540 881 4589 et
895 4537 924 4587 ln
938 4547 998 4588 mo·
1051 4533 1166 4602 respicis
1176 4532 1345 4604 nigredinem
1359 4539 1445 4597 tuam,
1464 4543 1491 4589 et
1504 4532 1650 4590 eandorem
1671 4549 1761 4591 meum
1775 4550 1832 4593 nou

214 4627 340 4686 unctio
352 4632 444 4685 restro
456 4628 623 4686 cucullatum
638 4644 646 4696 ;
662 4634 794 4699 praterea
804 4635 832 4683 et
845 4640 895 4681 ros
906 4624 998 4680 abbati
1051 4624 1181 4689 attendis,
1196 4624 1374 4695 quarelquia
1387 4623 1500 4695 nigredo
1511 4624 1617 4695 species
1631 4632 1674 4680 est
1691 4625 1833 4709 humilita-

213 4727 244 4778 οι
255 4734 341 4793 supra
353 4727 510 4777 memoratae
519 4721 644 4778 eeclesiae
657 4735 736 4777 orem
747 4733 825 4776 suam
838 4716 1000 4789 requirenti·
1049 4717 1103 4785 tls;
1117 4726 1145 4772 ct
1158 4731 1209 4789 epo
1222 4717 1295 4782 dico,
1313 4717 1378 4788 quia
1392 4715 1496 4773 candor
1505 4716 1610 4787 species
1629 4724 1671 4773 est
1683 4717 1811 4790 puritatis
1819 4737 1830 4795 5

213 4808 361 4870 baudana
380 4811 505 4885 quaedam
525 4812 701 4884 respondisse
723 4820 751 4868 et
764 4812 856 4868 minua
869 4807 998 4866 dicenda.
1049 4808 1176 4882 nigredo,
1195 4809 1302 4881 species
1334 4808 1515 4880 abjectionis3
1543 4808 1660 4876 candor,
1685 4809 1833 4882 gloriaest

212 4899 277 4960 lton
296 4901 355 4962 lrac
368 4905 535 4962 conveniunt
557 4904 646 4962 serris
659 4904 782 4973 cariath
798 4901 940 4976 apostolos
951 4915 1000 4955 su·
1048 4903 1234 4960 exaltationis.
1259 4901 1489 4958 Commendamus
1511 4915 1564 4957 uos
1577 4901 1659 4958 modo
1673 4902 1707 4960 de
1717 4903 1831 4977 specie;

213 5009 265 5067 per
278 4994 398 5052 alienun
409 4995 616 5051 laudamentum
631 4994 768 5051 aedideare
784 4995 883 5058 noluit,
906 5000 934 5049 et
956 4990 999 5047 lex
1049 5004 1078 5052 tn
1095 4994 1222 5066 gloriaris
1234 4993 1262 5048 iu
1274 4992 1426 5066 nigredine.
1441 5008 1491 5064 epo
1503 4993 1531 5049 in
1542 4995 1672 5060 candore,
1692 5002 1722 5053 tu
1734 4996 1763 5053 iu
1778 4996 1833 5052 hu·

213 5085 308 5142 diuina
331 5087 360 5143 iu
380 5102 498 5145 messem
515 5088 630 5144 alienam
655 5086 781 5160 prohibet
800 5084 898 5143 laleem
915 5083 997 5140 mitti.
1048 5088 1162 5143 militate
1185 5085 1330 5157 gloriaris;
1357 5091 1386 5140 et
1411 5085 1516 5139 utinam
1530 5085 1599 5141 bene
1610 5085 1783 5157 gloriareris!
1801 5086 1832 5145 Si

212 5177 245 5235 sl
260 5184 351 5236 autem
368 5179 471 5247 dicitis,
487 5180 561 5253 quod
578 5186 671 5235 tamen
682 5178 775 5235 dicere
789 5193 838 5234 uos
849 5192 904 5232 non
918 5182 997 5247 puto.
1047 5179 1121 5259 enim
1145 5177 1179 5234 de
1198 5177 1351 5233 humilitate
1365 5175 1434 5232 bene
1446 5175 1614 5246 gloriareris,
1629 5193 1769 5249 uunquam
1784 5194 1833 5235 su·

212 5271 263 5328 aed
282 5271 417 5344 quosdam
439 5273 489 5345 qui
508 5272 650 5329 uobiscum
665 5278 740 5336 sunt,
759 5269 824 5341 quia
838 5269 893 5323 rita
907 5275 998 5324 restra
1047 5268 1213 5344 peruiresde
1223 5268 1385 5332 humilitate,
1392 5269 1539 5324 contrariis
1549 5271 1686 5326 emuraria
1695 5271 1830 5338 animuum

211 5361 311 5419 melior
327 5369 381 5429 est,
396 5362 463 5420 licet
477 5363 552 5419 omni
567 5362 673 5418 homiui
687 5360 826 5434 quomodo
838 5360 897 5415 solt
909 5368 937 5416 et
950 5361 998 5416 ubi
1047 5364 1188 5420 laomilitas
1208 5363 1282 5419 enim
1309 5369 1337 5417 et
1356 5362 1483 5432 superbia
1503 5363 1643 5419 eoritraria
1667 5371 1751 5419 suut:
1774 5378 1832 5420 uon

210 5453 281 5517 solt.
298 5453 437 5512 meliorem
451 5453 536 5510 vitam
557 5461 585 5511 et
597 5451 835 5510 conversationem
861 5451 997 5522 potiorem
1047 5463 1165 5528 manum
1179 5455 1261 5511 simul
1275 5469 1336 5510 esse
1349 5453 1403 5509 duo
1418 5454 1496 5522 laaec;
1514 5455 1549 5510 de
1563 5455 1719 5510 humilitate
1734 5471 1832 5526 snper·

209 5541 323 5614 eligere,
348 5543 531 5600 recordamini
561 5542 627 5616 quid
656 5542 785 5615 llagister
810 5555 862 5599 uos
885 5542 995 5598 docuit:
1046 5547 1106 5604 utre
1124 5553 1214 5617 potes,
1240 5543 1288 5601 sed
1311 5559 1374 5600 eum
1390 5543 1544 5599 hirmilitate
1558 5543 1715 5614 superbiam
1729 5543 1832 5601 lanera

209 5634 329 5706 apostoli
340 5634 377 5717 de
391 5635 510 5707 primatu
525 5635 715 5696 contendunt:
732 5635 806 5705 [acto
816 5642 856 5690 est
865 5636 996 5690 renuntio
1053 5654 1110 5695 nun
1125 5644 1218 5709 potes;
1233 5637 1297 5707 quia
1316 5635 1399 5708 ipitur
1413 5634 1540 5706 superbis
1554 5635 1588 5691 de
1599 5634 1763 5699 humilitate.
1777 5635 1831 5691 haa-

207 5727 281 5784 later
299 5729 456 5802 discipulos,
488 5732 547 5804 quir
568 5749 659 5789 coram
679 5732 811 5788 uideretur
832 5749 889 5788 esse
909 5731 997 5803 major
1044 5731 1188 5786 militatem
1212 5736 1240 5786 ta
1265 5744 1321 5784 nou
1343 5728 1446 5785 ltabere
1465 5727 1598 5784 ostendis.
1620 5726 1661 5783 Tu
1679 5726 1721 5783 uis
1742 5727 1829 5799 utajor

210 5817 287 5893 (tu.
300 5821 387 5895 xxiii:
404 5823 530 5880 fortassis
544 5823 606 5879 ideo
619 5822 691 5879 lacta
704 5832 748 5880 est
762 5823 912 5888 contentio,
929 5823 995 5892 uaria
1045 5837 1118 5886 ease.
1143 5821 1209 5892 quid
1229 5821 1306 5878 erisl
1329 5835 1426 5891 parum
1440 5827 1483 5875 est
1506 5825 1535 5875 ut
1546 5819 1636 5874 dicam
1652 5818 1752 5885 minor.
1764 5819 1829 5890 quia

209 5909 304 5967 lutura
317 5922 378 5969 erat
391 5915 544 5970 contentlo.
562 5913 657 5969 lldlrue
671 5913 874 5975 contendimus.
888 5923 915 5968 nt
925 5912 993 5967 dicit
1046 5930 1143 5971 servm
1155 5914 1220 5969 eris.
1238 5911 1364 5969 Monachl
1376 5910 1492 5966 dieunt:
1508 5908 1564 5967 Nos
1576 5910 1703 5975 nteliores
1714 5924 1827 5977 uatum

210 6019 302 6062 unus:
319 6002 486 6064 neumam
499 6023 506 6076 ;
521 6005 592 6062 alter
607 6003 695 6061 dicit:
715 6003 775 6062 llon
799 6012 839 6072 tu,
859 6002 906 6059 aed
919 6016 990 6075 epo:
1046 6005 1173 6061 canonici
1190 6003 1300 6060 dicunt:
1326 6001 1396 6070 tlon,
1421 5999 1469 6059 sed
1490 6016 1542 6059 nos
1564 5988 1826 6093 meliusn'r'tffius‘
