4350 6709
199 552 255 604 273
834 540 892 599 titi
898 541 999 600 ΜΕ.
1016 572 1054 583 -
1066 543 1130 598 ΗΒ.
1153 541 1195 597 i'i.
1539 591 1542 597 .
1777 539 1831 596 iii

201 672 318 728 etates,
334 662 437 732 quibus
453 660 572 715 mundus
587 661 646 731 ipse
658 661 847 732 distinguitur,
862 662 933 716 sieut
949 677 995 732 per
1012 661 1088 722 Acis
1104 659 1258 725 mirabilia,
1272 668 1299 713 ct
1312 658 1387 713 dedit
1400 658 1441 713 eis
1457 658 1520 712 ritae
1534 658 1661 713 mandata
1671 656 1705 724 '⁷,
1716 672 1748 711 ex
1766 666 1833 712 tune

200 756 262 809 dies
275 755 447 823 septuaginta
461 794 469 820 ,
484 753 525 808 sic
539 767 589 823 per
600 762 703 823 septem
722 753 879 810 Dominicas
893 771 994 825 reprae-
1045 752 1129 822 eoepit
1144 750 1188 805 ille
1203 764 1321 821 magnus
1335 764 1425 804 caecus
1439 747 1608 813 illuminari,
1626 748 1730 804 scilicet
1746 762 1833 819 genus

201 853 294 902 tentat
307 843 441 901 Ecclesia.
460 843 552 900 Prima
567 853 633 901 aetas
655 853 698 899 est
713 847 748 900 ab
771 847 858 900 liciam
873 847 907 902 ad
921 845 994 912 Noe,
1046 845 1213 911 humanum,
1230 844 1265 899 de
1278 859 1334 914 quo
1349 843 1377 897 in
1392 842 1527 898 hodierno
1552 842 1651 912 iegitur
1671 841 1828 912 euangelio,

201 937 326 992 secunda
348 952 433 1002 rero,
451 953 465 992 a
489 936 651 1007 Noctisque
669 938 703 992 ad
726 938 880 1004 Abraham,
897 935 938 994 uel
950 954 995 994 sc·
1046 935 1094 1005 qui
1116 936 1157 990 sie
1171 935 1328 1006 increpatur
1343 951 1358 991 a
1376 935 1476 1000 turba,
1493 933 1557 988 dum
1585 932 1699 987 lucerua
1717 931 1834 987 licutino

201 1029 325 1084 cundum
340 1031 492 1099 quosdam,
508 1031 542 1085 ad
558 1028 689 1101 iloysen;
707 1030 802 1097 tertia,
824 1030 949 1103 abloyse
962 1032 995 1087 ad
1047 1028 1200 1097 postularet
1208 1028 1243 1095 ¹⁸,
1277 1028 1349 1083 sicut
1374 1027 1422 1083 tilii
1447 1026 1530 1082 lsrael
1553 1026 1775 1096 opprimebantur
1799 1026 1834 1080 ab

203 1114 301 1181 David,
314 1116 527 1186 quartaaiiatid
536 1134 622 1188 usque
632 1119 664 1172 od
675 1120 941 1191 transmigrationem
949 1121 998 1176 Ba·
1048 1117 1204 1190 rEgyptiis‚
1230 1120 1295 1175 dum
1319 1127 1443 1189 peterent
1457 1119 1497 1174 ire
1515 1120 1587 1173 tiam
1611 1118 1693 1173 trium
1708 1118 1833 1182 dierum,

202 1207 324 1279 bulonia,
333 1210 956 1284 quinta,atransmigrationeBabylonisusque
963 1215 996 1270 ad
1048 1224 1079 1269 ut
1092 1213 1209 1269 liomino
1230 1211 1458 1269 sa'crtttcurenttt.
1473 1211 1575 1279 Quarta
1591 1210 1731 1266 {lominica
1742 1209 1835 1279 iuren-

203 1301 356 1357 adrentum
368 1300 488 1371 bomini,
498 1314 586 1369 sexta,
596 1320 682 1375 usque
692 1304 725 1360 ad
738 1306 819 1361 linem
836 1308 942 1374 saeculi;
953 1324 997 1363 se·
1048 1319 1134 1365 tutem
1150 1311 1276 1381 designat
1290 1306 1435 1374 Ecclesiae,
1450 1306 1478 1361 in
1494 1322 1548 1377 qua
1573 1321 1668 1376 regum
1684 1305 1836 1360 diademate
1860 1333 1866 1345 ·
1887 1334 1890 1339 ·

203 1394 998 1466 ptima,similiterusqueadeumdemtinem.Simulenim
1049 1407 1206 1466 coronatur,
1231 1406 1258 1454 et
1282 1398 1415 1467 sapientia
1435 1398 1631 1468 prophetarum
1659 1405 1786 1461 ornatur,
1808 1396 1834 1449 in

203 1494 338 1552 currunt,
353 1486 400 1541 sed
424 1487 470 1540 illa
485 1487 518 1545 in
533 1489 729 1560 vigilantibus,
745 1500 773 1545 ct
789 1491 997 1560 laborantibus,
1049 1507 1168 1562 quorum
1183 1490 1452 1548 manibusClrristus
1474 1490 1692 1556 assimilatur⁸⁰;
1711 1505 1774 1544 nam
1794 1505 1836 1543 re-

209 1577 262 1632 ista
279 1577 307 1632 in
328 1577 526 1636 dormientibus
544 1591 571 1636 et
583 1582 807 1652 quiescentibus,
822 1585 867 1640 ubi
892 1587 999 1657 requie·
1049 1601 1114 1657 gum
1130 1595 1157 1640 et
1176 1586 1372 1655 prophetarum
1388 1582 1473 1638 llarid
1489 1582 1608 1638 eximius
1627 1581 1777 1653 eligitur⁸',
1790 1581 1842 1651 qui.

205 1677 292 1726 scunt
305 1669 456 1725 electorum
474 1672 574 1728 nnimae
584 1673 655 1729 inter
669 1675 753 1730 ubera
765 1675 889 1732 laetantes
903 1678 999 1734 matris
1050 1693 1130 1730 monn
1145 1677 1242 1746 tortia,
1258 1688 1285 1732 et
1299 1677 1356 1732 cim
1373 1674 1555 1730 desiderabilis
1574 1674 1778 1743 interpretatur,
1790 1672 1839 1742 qui

205 1778 265 1816 suae
279 1777 405 1832 supernae
418 1760 577 1819 Jerusalem.
594 1764 632 1820 lie
647 1766 690 1821 lais
710 1767 838 1823 aetatibus
854 1770 893 1823 ait
908 1768 1000 1826 Domi·
1049 1767 1191 1822 Cbristum
1205 1767 1316 1823 nomine
1329 1766 1520 1838 praesignarit,
1536 1763 1662 1819 uictoriis
1675 1764 1837 1836 praeitgura·

205 1866 261 1908 nus
282 1849 337 1906 :ln
359 1867 406 1907 sex
424 1853 647 1910 tribulationibus
670 1855 848 1924 liberaberis,
863 1867 890 1912 et
913 1859 940 1913 in
956 1874 1000 1915 se·
1050 1861 1106 1927 vit,
1120 1862 1250 1930 psalmis,
1276 1868 1304 1915 et
1325 1859 1442 1915 canticis
1466 1857 1655 1922 annuntiavit,
1672 1856 1744 1913 sieut
1764 1855 1839 1912 enim

206 1944 294 2014 ptima
308 1958 363 1999 noo
378 1953 470 2015 tanget
478 1954 512 2022 te
525 1944 676 2014 malum“;
696 1967 705 2000 ι
728 1949 852 2006 senarias
866 1950 932 2006 dicit
948 1953 998 2008 tri·
1050 1953 1136 2009 Dauid
1151 1951 1289 2009 Goliam⁸¹
1303 1960 1330 2008 et
1345 1950 1480 2017 Leontem,
1497 1952 1538 2007 sie
1556 1950 1684 2006 Christus
1699 1950 1839 2006 diabolum

206 2037 366 2093 balationes
377 2051 488 2102 omnes,
505 2053 553 2093 sex
565 2046 676 2094 aetatum
696 2041 855 2111 angustias,
871 2059 919 2099 sex
933 2061 1000 2100 ven·
1016 2017 1037 2071 B
1052 2045 1209 2114 superauit,
1226 2043 1273 2115 qni
1288 2059 1370 2114 super
1385 2044 1507 2114 aspidem
1526 2054 1554 2099 et
1569 2044 1725 2099 basiliscum
1741 2044 1840 2099 ambu-

208 2139 273 2197 tos,
289 2129 338 2200 qui
353 2144 404 2184 nos
424 2145 439 2184 a
465 2146 514 2187 sex
528 2131 662 2186 lateribus
681 2130 799 2202 leriunt,
824 2135 950 2205 quisunt
966 2137 1000 2195 ab
1051 2137 1127 2191 lavit.
1143 2135 1220 2192 Unde
1233 2136 1395 2194 hodiernum
1409 2135 1528 2190 odicium
1543 2151 1608 2192 voce
1623 2135 1707 2190 David
1718 2151 1839 2206 praecen-

207 2219 359 2286 auteriori,
382 2221 521 2291 suggestio
544 2220 747 2289 demonum,a
772 2227 918 2294 posteriori
933 2243 1000 2299 pec·
1051 2227 1121 2282 toris
1139 2228 1167 2281 in
1182 2227 1310 2283 cantibus
1325 2226 1479 2282 celebratur
1487 2227 1520 2293 ⁸⁸,
1537 2236 1565 2282 et
1589 2229 1616 2281 in
1638 2225 1784 2295 Evangelio
1806 2224 1840 2280 de

208 2319 337 2365 catorum
361 2310 532 2368 delectabilis
558 2315 693 2369 memoria
720 2318 939 2387 praeteritorum,
966 2321 1001 2375 nb
1051 2320 1167 2375 uictoria
1182 2318 1284 2375 Christi
1299 2319 1508 2389 personatum&
1531 2318 1632 2385 Quinta
1647 2317 1787 2373 bonnniea
1802 2316 1841 2371 si·

210 2399 338 2456 interiori
365 2401 486 2458 titillatio
514 2405 622 2472 earnis,
648 2421 663 2460 a
690 2408 825 2477 superiori
850 2425 1001 2491 consensus
1052 2412 1166 2482 gnitlcat
1180 2420 1350 2467 senectutem
1377 2409 1527 2480 Ecclesiae,
1544 2412 1572 2465 in
1590 2424 1645 2480 qua
1661 2409 1842 2465 delicerena·

209 2493 345 2563 rationis,
367 2508 383 2547 a
410 2494 514 2550 dextris
528 2497 713 2566 prosperitas,
730 2514 745 2553 a
766 2500 888 2557 sinistris
904 2505 1001 2559 adrer·
1051 2503 1149 2558 turalis
1163 2504 1236 2558 calor
1251 2504 1372 2573 incoepit.
1392 2502 1470 2570 Nam,
1486 2503 1588 2572 templo
1602 2502 1723 2572 dirupto,
1739 2501 1841 2571 populo

210 2585 298 2638 sitas:
312 2584 439 2654 aquibus
451 2587 579 2643 omnibus
588 2587 635 2657 qui
649 2587 780 2643 liberatur
793 2606 842 2660 per
852 2590 1000 2650 bominum
1051 2597 1103 2653 sub
1117 2594 1370 2652 Nabuchodonosor
1385 2599 1413 2651 in
1427 2596 1565 2668 Babylone
1589 2595 1725 2667 captivato
1734 2595 1769 2658 ⁸⁸,
1790 2591 1843 2648 Ec·

213 2673 360 2730 liberatur.
375 2672 472 2731 Unde:
491 2695 501 2727 ι
520 2678 613 2732 multae
627 2687 691 2732 sunt
707 2680 897 2740 tribulationes
912 2684 1001 2754 justo-
1051 2690 1135 2746 clesia
1150 2691 1287 2761 captivata
1304 2705 1355 2745 nec
1374 2691 1478 2755 altare,
1501 2704 1552 2742 trec
1575 2688 1706 2757 templum
1728 2686 1842 2751 babuit,

211 2767 377 2834 rum,etde
390 2769 519 2824 omnibus
538 2769 582 2826 bis
597 2771 724 2828 liberauit
737 2788 784 2830 eos
797 2774 969 2834 Dominus‘⁷.
988 2799 997 2832 r
1051 2782 1100 2837 sed
1114 2781 1148 2836 ad
1163 2782 1261 2838 salices
1285 2795 1389 2851 organa
1407 2795 1457 2835 sna
1483 2779 1663 2848 suspendit¹⁸.
1692 2776 1770 2835 Unde
1792 2794 1843 2834 nec

212 2855 376 2913 liberamur
387 2869 476 2914 autem
489 2861 517 2916 in
531 2865 637 2931 morte,
654 2880 715 2935 quae
725 2875 767 2921 est
778 2869 926 2924 conuiuium
940 2872 1001 2928 ritae
1051 2874 1086 2929 ab
1100 2889 1129 2929 re
1140 2875 1197 2929 baec
1211 2872 1355 2929 Dominica
1374 2883 1464 2938 vacat,
1478 2873 1613 2927 nechabet
1636 2871 1771 2935 cilicium.
1789 2871 1842 2928 uisi

212 2951 246 3006 ad
273 2951 378 3019 vitatu,
405 2968 421 3008 a
447 2969 502 3023 quo
527 2954 555 3010 in
581 2965 661 3013 aetate
688 2958 804 3029 septima
829 2964 1001 3032 requiescent
1052 2968 1087 3022 ab
1103 2967 1156 3022 alia
1170 2964 1238 3023 teria
1256 2966 1492 3033 mutuatum;iila
1507 2980 1571 3021 uero
1587 2965 1731 3035 captivitas
1746 2979 1843 3034 pecca-

212 3039 313 3097 animat
324 3056 340 3095 a
353 3042 494 3098 laboribus
508 3046 607 3103 suts‘·.
622 3047 700 3114 Quod
714 3050 765 3105 bas
783 3061 885 3121 septem
907 3064 1001 3112 aetates
1052 3061 1130 3116 tricis
1143 3061 1269 3130 designat
1285 3061 1383 3114 animae
1397 3058 1600 3128 captivitatem,
1619 3072 1696 3128 qnae.
1712 3073 1766 3111 non
1790 3055 1844 3111 uisi

212 3141 318 3202 ’ΨΜ
331 3130 480 3192 ⁰⁰¹¹¹l¹¹l⁰ae
497 3148 708 3207 feifflsesslessls
724 3156 756 3195 0¹
770 3155 865 3197 earum
878 3142 1001 3200 declara·
1052 3152 1079 3206 in
1096 3151 1203 3223 jejunio
1213 3160 1240 3206 et
1252 3148 1578 3220 orationerepcllatur⁸';
1593 3149 1697 3205 ideireo
1708 3146 1842 3209 Ecclesia,

213 3233 259 3279 tur
271 3224 369 3282 ciliciis
385 3245 392 3282 ι
411 3228 438 3283 in
455 3228 543 3300 prima
554 3246 674 3300 quarum
685 3234 760 3288 uelut
772 3234 887 3292 inlantia
905 3239 999 3294 mundi
1053 3243 1133 3313 quasi
1153 3259 1219 3299 voce
1229 3242 1353 3298 Danielis
1368 3242 1395 3296 in
1417 3241 1464 3295 illa
1481 3241 1639 3311 captivitato
1658 3237 1849 3303 clamantis⁸⁸..

212 3315 316 3372 elamat
331 3320 415 3376 bomo
428 3337 443 3376 a
462 3321 535 3378 lelici
551 3324 732 3381 delectatione
744 3327 884 3399 dejectus,
905 3332 931 3386 in
946 3349 1003 3402 qua
1016 3348 1040 3410 c
1055 3335 1089 3391 de
1103 3334 1209 3405 ieiunio
1226 3342 1367 3389 mutuatur
1381 3331 1499 3387 odicium
1511 3373 1518 3398 ,
1532 3331 1606 3402 quod
1622 3340 1708 3385 totum
1725 3345 1844 3386 moerore

212 3417 398 3483 protomartyr
409 3411 478 3469 abet
490 3416 637 3481 occiditur,
650 3418 731 3489 cujus
747 3423 860 3492 sanguis
879 3425 914 3480 de
930 3437 1002 3484 terra
1054 3426 1205 3497 perficitur,
1216 3434 1243 3481 et
1254 3441 1302 3496 per
1312 3425 1465 3479 Chananeae
1480 3423 1564 3477 otiam
1582 3438 1596 3476 a
1611 3421 1745 3478 daemonio
1761 3434 1844 3477 vexa·

212 3499 345 3558 clamarit
372 3503 405 3558 ad
418 3503 565 3563 Dominum
576 3509 608 3575 ”,
632 3510 750 3582 ideoque
763 3513 823 3583 ejus
839 3533 904 3573 uoce
924 3521 1003 3590 quasi
1054 3525 1110 3571 tam
1122 3516 1216 3571 eadem
1231 3515 1386 3569 animarum
1400 3511 1543 3582 eaptivitas
1554 3508 1725 3578 intelligitur.
1740 3506 1844 3562 idcirco

212 3596 391 3666 precentoris
414 3599 516 3654 clamat
539 3599 683 3660 Ecclesia:
706 3603 941 3666 Circumdederunt
965 3632 1004 3670 me
1055 3610 1088 3664 de
1104 3611 1161 3680 ipsa
1180 3609 1279 3680 iegitur
1293 3603 1512 3676 euangelium⁸⁸.

213 3688 327 3752 gemitus
337 3691 473 3746 mortir'0.
487 3691 520 3748 Et
529 3694 594 3764 quia
607 3711 656 3767 per
666 3698 768 3754 multas
779 3711 871 3758 aetates
882 3712 909 3758 et
923 3704 1003 3777 lotrga
1093 3701 1176 3757 Sexta
1202 3699 1343 3756 [lominica
1359 3697 1494 3769 signiticat
1510 3694 1638 3750 Ecclesiae
1652 3693 1771 3758 senium,
1788 3692 1843 3748 sei·

213 3788 340 3850 tempora
356 3792 463 3853 oportet
479 3800 539 3841 eam
553 3786 581 3841 in
605 3790 763 3860 hujusmodi
779 3794 903 3851 laborare
919 3802 1005 3870 gerni·
1054 3794 1118 3850 licet
1145 3792 1213 3848 fines
1236 3790 1417 3857 saeculorum,
1443 3804 1505 3843 cum
1530 3786 1578 3842 liei
1604 3784 1691 3840 Filius
1714 3784 1789 3839 uenit
1815 3784 1843 3838 in

214 3870 308 3938 ‘limi
325 3881 352 3928 0¹
376 3883 485 3944 Wlffll
508 3880 616 3947 pondus
631 3881 684 3936 diei
700 3892 727 3938 et
743 3887 875 3955 aestus'¹,
891 3888 953 3945 ideo
966 3892 1005 3947 Ιε-
1055 3885 1188 3943 mundum
1208 3894 1236 3939 et
1250 3900 1265 3939 a
1278 3881 1378 3939 diaboli
1394 3889 1526 3952 potestate
1540 3878 1665 3935 liberavit
1680 3891 1765 3947 genus
1790 3875 1843 3932 ltu·

213 3963 289 4033 gitur
299 3962 414 4034 epistola
434 3967 470 4021 de
484 3967 567 4037 longo
581 3971 670 4027 stadio
682 3974 716 4040 ”,
731 3983 757 4028 et
772 3973 806 4030 dc
819 3979 946 4037 aetatibus
966 3982 1006 4041 ie·
1056 3993 1179 4033 manum.
1199 3974 1278 4031 Unde
1293 3990 1327 4029 oe
1342 3973 1377 4028 sit
1395 3973 1541 4027 immemor
1556 3968 1659 4040 accepti
1681 3967 1807 4024 beneficii
1817 3975 1845 4022 ot

214 4054 289 4126 6³²¹ss
305 4053 507 4128 qurang0110‚
1055 4071 1204 4140 ingratum,
1225 4065 1377 4137 gratulatur
1398 4072 1424 4119 et
1439 4064 1478 4118 ait
1500 4081 1507 4117 :
1533 4060 1611 4116 Oculi
1632 4059 1682 4113 mei
1696 4073 1795 4128 semper
1809 4062 1843 4112 ed

248 4144 279 4201 ln
308 4150 429 4206 secunda
460 4167 525 4215 tero
552 4153 716 4227 liominica,
740 4161 813 4216 reiut
837 4162 864 4217 in
889 4166 1004 4234 pucritia
1057 4159 1243 4215 Dentinum’l.
1260 4156 1355 4213 Merito
1370 4172 1436 4228 ergo
1450 4155 1549 4226 legitur
1564 4151 1733 4223 evangelium
1745 4151 1778 4206 de
1790 4149 1853 4206 dar--

215 4238 325 4307 mundi,
337 4242 495 4312 concipiens
505 4244 671 4317 bomospem
685 4265 742 4306 suae
756 4254 1004 4324 reconciliationis,
1056 4252 1181 4307 moniaeo
1196 4251 1309 4306 liberato
1327 4250 1360 4304 ⁸¹.
1386 4247 1447 4303 llaec
1463 4256 1554 4303 autem
1580 4247 1695 4315 septima
1709 4253 1736 4299 et
1748 4243 1853 4303 ultima

215 4344 248 4385 ⁶¹
262 4344 300 4386 θ’)
316 4333 391 4402 (1¹¹0tl
410 4333 544 4393 Dominus
564 4338 634 4394 dixit
657 4342 690 4396 ad
704 4341 761 4398 Noe
781 4363 787 4398 :
811 4343 868 4417 Ego
887 4357 1006 4403 statuunt
1056 4346 1197 4403 lionrinica
1212 4346 1355 4400 sabbatum
1372 4343 1509 4413 signifieat
1530 4338 1636 4405 mundi,
1651 4336 1680 4390 in
1701 4351 1756 4407 quo
1781 4350 1856 4391 san·.

215 4431 326 4497 pactam
337 4441 423 4480 meum
437 4427 612 4488 nobiscum'¹.
632 4451 641 4484 ι
658 4431 745 4506 liujus
761 4437 832 4507 pacti
851 4437 894 4493 vel
910 4455 1006 4495 recon-
1056 4449 1163 4497 ctorum
1178 4438 1276 4494 animae
1292 4436 1478 4507 requiescunt,
1506 4432 1629 4504 deposito
1644 4428 1736 4485 carnis
1751 4442 1844 4488 onere,

216 4516 368 4576 ciiiatiouis
383 4521 610 4580 accelerationem
633 4542 701 4584 voce
714 4529 772 4584 Noe
787 4532 867 4600 quasi
889 4548 1007 4604 praeeex·
1056 4541 1083 4588 et
1095 4533 1169 4588 reiut
1184 4539 1246 4602 post
1266 4529 1337 4586 bella
1354 4527 1481 4583 uictrices
1496 4524 1626 4594 depositis
1642 4523 1726 4579 armis
1741 4518 1846 4574 feriatae
1945 4561 1950 4575 .

215 4609 285 4665 toris
298 4610 428 4681 implorat
439 4612 561 4672 Ecclesia
579 4617 674 4674 dicens
696 4638 703 4674 :
720 4620 851 4693 Exsurge,
865 4642 947 4695 quare
960 4629 1006 4681 oi·
1058 4620 1193 4688 tutantur,
1211 4631 1239 4676 et
1261 4620 1377 4692 singulis
1402 4619 1480 4674 stolis
1506 4627 1687 4672 remunerate
1708 4613 1787 4668 binas
1815 4609 1843 4663 in

217 4700 319 4756 ΑΜΒ
328 4743 337 4767 t
351 4702 504 4762 ueniret&
518 4707 605 4778 Cujus
616 4711 849 4770 reconciliationis
864 4717 963 4772 modus
976 4719 1002 4773 in
1022 4689 1044 4743 ὓ
1059 4715 1144 4786 gloria
1164 4713 1365 4783 praestolantur.
1390 4707 1448 4763 illic
1479 4705 1632 4761 Jerusalem
1655 4718 1716 4774 quae
1732 4712 1856 4756 sursum,

217 4793 377 4864 evangelio,
398 4806 426 4852 et
449 4800 555 4856 caeteris
578 4804 753 4872 exprimitur,
779 4815 806 4860 et
827 4807 959 4875 edoctus,
975 4818 1005 4863 ut
1058 4819 1109 4873 est,
1123 4821 1183 4878 quae
1207 4806 1291 4860 libera
1309 4812 1361 4870 est,
1375 4817 1435 4872 quae
1464 4809 1506 4856 est
1528 4807 1614 4853 mater
1632 4804 1726 4851 nostra
1748 4792 1781 4859 ’¹,
1795 4790 1844 4845 lae·

217 4899 304 4956 supra
317 4889 473 4947 docuimus.
489 4892 518 4947 ln
541 4894 621 4948 tertia
637 4911 703 4952 nero
717 4897 875 4966 Dominiea,
890 4903 963 4956 uelut
976 4903 1005 4956 in
1059 4911 1148 4966 tatur,
1173 4909 1200 4954 et
1216 4899 1287 4954 diem
1305 4896 1404 4952 iestnnr
1426 4909 1508 4965 ageos
1521 4893 1544 4926 ’⁸
1570 4907 1618 4961 pro
1645 4902 1760 4945 numero
1772 4886 1844 4941 iiiio-

216 4978 403 5036 adolesceutia
418 4984 527 5054 mundi,
541 4988 700 5060 concipiens
715 4999 798 5046 bomo
811 5009 889 5048 suam
906 4995 1007 5051 libera·
1058 5007 1119 5048 rum
1137 4992 1171 5047 de
1185 4987 1402 5062 peregrinatione
1416 4984 1588 5040 redeuntium
1604 4979 1737 5052 repositas
1753 4975 1846 5033 reiun-

216 5071 323 5128 denen
336 5111 346 5141 ε
359 5089 394 5130 ⁰¹
407 5090 442 5131 ⁶⁰
456 5079 529 5148 ‘illud
545 5081 640 5136 eduxit
662 5081 794 5141 Dominus
816 5100 865 5156 per
878 5086 1007 5160 Moysen,
1065 5086 1106 5142 dit
1126 5084 1231 5154 epulas,
1256 5089 1283 5137 et
1298 5081 1402 5135 lactens
1423 5092 1457 5132 ex
1480 5078 1537 5132 suis
1561 5073 1692 5129 uberibus
1716 5069 1853 5142 exprimit

216 5172 245 5221 et
256 5163 354 5221 Aaron
371 5167 443 5225 lilios
455 5167 539 5226 israel
553 5172 587 5228 de
601 5171 762 5246 AEgyptiaca
772 5179 935 5235 seruitute'⁸
949 5195 1007 5236 suae
1057 5177 1253 5236 consolationis
1273 5182 1403 5230 maternae
1414 5170 1536 5226 delicias.
1562 5166 1637 5228 Unde
1647 5162 1779 5237 quidquid
1795 5162 1845 5216 lto·

216 5257 400 5326 potamionis
424 5270 451 5315 et
474 5261 644 5320 liberationis
680 5268 908 5326 accelerationem
940 5287 1006 5328 voce
1057 5274 1100 5328 die
1114 5271 1221 5328 canitur
1235 5269 1261 5323 in
1277 5265 1429 5329 nocturnis,
1442 5272 1484 5320 est
1497 5263 1530 5317 de
1541 5253 1798 5326 liberationcpupuli
1811 5255 1853 5309 de-

216 5344 307 5419 logni
322 5349 402 5419 quasi
416 5356 594 5422 precentoris
605 5365 666 5412 orat
678 5357 801 5414 Ecclesia
814 5361 927 5418 dicens:
942 5362 1006 5419 Este
1058 5364 1187 5436 AEgypto,
1209 5361 1312 5417 seilicet
1327 5359 1361 5414 de
1386 5356 1548 5412 liberatione
1570 5353 1668 5409 animae
1679 5351 1712 5404 de
1728 5361 1844 5416 corpore

217 5438 286 5492 milri
299 5440 327 5494 in
341 5441 426 5496 Deum
440 5449 650 5514 protectorem’⁶.
672 5448 707 5504 Et
726 5451 787 5506 vide
802 5454 882 5522 quia,
896 5456 1006 5524 quando
1057 5455 1154 5509 mortis
1177 5454 1259 5522 buius
1273 5451 1307 5505 ⁹⁸.
1327 5449 1406 5517 Quod
1428 5456 1518 5503 autem
1543 5446 1570 5500 in
1597 5444 1696 5498 diurno
1712 5451 1845 5509 persona·

218 5530 297 5587 misit
311 5529 446 5593 Dominus
459 5536 569 5612 ilogsen
584 5541 619 5596 ad
641 5544 771 5613 populum
785 5554 812 5600 et
826 5544 891 5602 lecit
911 5563 1006 5605 coram
1056 5558 1102 5604 tur
1116 5548 1215 5614 officio,
1230 5556 1273 5602 est
1285 5546 1318 5601 de
1332 5544 1424 5600 laetitia
1441 5550 1468 5597 et
1483 5538 1607 5596 satietate
1626 5531 1745 5590 coelestis
1764 5528 1829 5586 Jeru

233 5721 394 5825 flunt.
434 5723 598 5782 ‘'Psalbb.
636 5725 806 5799 “Apoclb
846 5726 986 5783 ‘'Gemi.
1024 5727 1188 5784 ”Psall'i
1238 5722 1429 5806 ”Mutinae
1474 5723 1639 5780 creone.
1690 5721 1789 5778 ”Gen
1816 5720 1858 5801 ¹l.¹

166 5859 172 5877 ·
219 5794 612 5923 ειΫιΙιῶἰιηΕἪᾱίΨί
639 5796 804 5924 iitmiii‘
832 5794 1420 5924 fimd‘uiin'kil¹⁸‘··1'>’i⁸⁰i'ie⁵‘
1448 5793 1635 5921 'jtgsehtsh
1664 5791 1782 5916 ⁸¹·¹⁸·R1⁴i³‘
1798 5789 1842 5918 ’ξ’

222 5881 623 5996 ”Uattffild.'⁹'i’sal.sial.⁸
661 5910 683 5971 ’ἶ
703 5877 831 5995 Luciiu
853 5909 961 5995 '’⁸dal.
984 5939 1010 5994 l.
1048 5871 1217 5997 ’igisais'lb
1254 5882 1412 5990 'filimi
1517 5875 1585 5921 aa·
1638 5903 1645 5919 .
1755 5877 1800 5918 an·
1835 5899 1844 5914 ο
